3456 5332
834 735 940 808 927

324 920 401 981 bus:
433 923 509 982 ώστε
535 922 588 981 καί
610 920 649 989 εἰς
673 925 780 1003 χεῖρας
804 917 903 981 αύτών
928 913 1023 1002 ἦλθον
1047 921 1074 980 οἱ
1095 921 1200 980 πολλοί
1234 918 1333 995 „adeo
1358 928 1393 979 ut

324 1033 420 1096 etiam
452 1033 492 1094 ad
523 1053 637 1094 manus
667 1031 757 1094 multi
788 1031 912 1093 illorum
935 1031 1098 1094 venirent’'
1122 1033 1218 1094 vertit
1240 1033 1393 1112 interpres

324 1147 409 1229 apud
431 1145 609 1222 Reitzium;
634 1145 706 1224 „die
730 1142 893 1207 mehrfach
917 1144 1130 1227 handgemein
1155 1143 1394 1206 wurden”Ber-

324 1261 463 1341 naysius.
488 1259 635 1341 Legerim
661 1257 715 1341 [οἱ]
739 1262 844 1320 τολλοί
865 1278 922 1320 nec
945 1258 1043 1320 semel
1067 1260 1110 1320 ita
1132 1269 1301 1340 peccatum
1327 1269 1392 1334 est;

324 1384 356 1436 et
375 1394 402 1436 c.
428 1391 464 1453 13
486 1371 620 1462 aSbtio
641 1383 673 1435 et
696 1392 722 1434 c.
749 1388 785 1434 21
814 1393 833 1433 a
856 1372 1032 1434 Fritzschio
1055 1375 1082 1434 οί
1102 1374 1256 1434 omissum
1280 1383 1338 1448 est,
1362 1383 1394 1434 et

324 1508 350 1549 c.
377 1489 417 1548 28
451 1507 525 1549 cum
549 1488 663 1549 eodem
687 1487 920 1548 Herwerdenus
945 1485 974 1548 ἐν
998 1485 1083 1569 [τοῖς]
1103 1493 1220 1555 πολλοῖς
1245 1492 1305 1556 τοῖς
1326 1486 1393 1547 οἰνο-

326 1604 404 1677 ήτοις
428 1601 562 1683 flagitat.

369 1716 404 1780 C.
438 1716 479 1796 36
501 1717 640 1797 corrige:
665 1716 812 1793 μέγιστον
837 1713 896 1800 (ὅν)
919 1716 1007 1797 quod
1031 1717 1143 1778 vitium
1156 1717 1253 1777 etiam
1268 1717 1392 1778 notavi:

325 1830 433 1911 Fugit.
457 1829 478 1890 6
500 1832 611 1915 ροῖστον
629 1828 696 1914 (ὅν),
728 1828 850 1892 Phalar.
875 1830 889 1890 Ι
914 1846 930 1908 3
956 1828 1127 1906 αναγκαῖον
1147 1828 1214 1916 (ὅν),
1241 1831 1392 1892 Abdicat.

328 1957 343 2022 5
369 1944 538 2023 ὁμοδίαιτος
562 1940 672 2027 (οὖσα),
697 1943 821 2024 Catapl.
846 1961 868 2021 4
891 1943 943 2018 ἤδη
969 1943 998 2006 ἐν
1021 1943 1162 2029 Ταινοίρῳ
1186 1946 1293 2026 (ὄντα).

371 2058 406 2121 C.
440 2073 491 2138 37.
524 2058 585 2136 ἐγώ
616 2058 648 2120 δὲ
678 2058 746 2129 τούς
769 2064 922 2143 (κατρώους
946 2059 1003 2138 μὲν
1026 2060 1173 2139 δαίμονας
1198 2059 1395 2140 ἐπιβοώμενον

327 2171 375 2252 μοὶ
398 2173 449 2235 τὸν
472 2172 530 2234 Δί’4
552 2174 582 2234 ού
602 2171 719 2258 σφόδρα
743 2171 874 2252 κ’,τιώμκν
896 2174 960 2235 κτὲ.
973 2173 1089 2235 Parum
1102 2173 1394 2235 rectehicverbum

326 2287 460 2368 ᾐτιώμην
483 2298 671 2370 usurpatum
694 2298 752 2363 est,
777 2308 835 2369 pro
859 2308 923 2368 quo
946 2309 1045 2370 parva
1067 2289 1244 2349 mutatione
1268 2287 1395 2367 νμιώμκν

327 2402 563 2465 rescribendum
587 2412 644 2464 est.
669 2401 785 2465 Confer
807 2401 894 2463 locos
917 2401 990 2463 huic
1008 2401 1182 2463 simillimos
1201 2402 1255 2463 Bis
1276 2403 1393 2464 Aecus,

332 2534 364 2579 11
394 2518 438 2598 (in
462 2514 538 2598 fine)
561 2525 594 2579 et
616 2516 656 2578 de
679 2515 808 2578 Electro
834 2533 850 2595 3
875 2527 954 2578 extr,

372 2631 545 2694 Fucrrrvn

373 2743 408 2807 C.
437 2760 485 2806 12.
515 2745 664 2804 σκυτεύειν
687 2740 703 2817 ἢ
727 2741 931 2817 τεκταίνεινῆ
955 2745 1020 2827 περὶ
1041 2743 1165 2813 πλυνούς
1187 2745 1270 2822 ἔχειν
1292 2741 1308 2818 ν]
1333 2747 1395 2827 ἔρια

328 2858 455 2935 ξαίνειν,
503 2858 540 2926 ώς
586 2854 698 2940 εύερχοὶ
740 2859 781 2927 είκ
823 2863 891 2926 ταῖς
921 2856 1047 2934 γυναιξί
1074 2859 1128 2918 καί
1158 2856 1311 2941 εὐμήρυτα
1346 2860 1397 2918 καὶ

328 2972 499 3050 κατάγοιτο
523 2972 669 3057 εύμαρώς,
694 2973 781 3033 ὁκότε
805 2968 821 3046 ἢ
844 2975 947 3055 κρόκην
972 2970 1077 3033 ἐκεῖναι
1098 2971 1253 3055 στρέφοιεν
1272 2971 1288 3044 ν]
1310 2975 1397 3049 μίτον

328 3083 483 3148 κλώθοιεν.
513 3087 622 3148 Verba
653 3088 690 3155 ώς
722 3123 759 3132 -
794 3081 947 3162 κλώθοιεν,
972 3105 1168 3166 quamquam
1193 3105 1250 3166 per
1272 3104 1306 3144 se
1329 3085 1397 3165 ipsa

329 3210 473 3282 spectata
498 3199 572 3261 nihil
594 3198 725 3282 habent,
749 3219 814 3280 quo
839 3199 1010 3274 offendant,
1035 3199 1136 3260 aliena
1159 3209 1266 3260 tamen
1290 3218 1397 3258 essea

330 3326 440 3378 nostro
474 3315 555 3390 loc0‚
591 3313 666 3375 mihi
700 3334 887 3396 persuasum
921 3313 1026 3375 habeo
1069 3312 1195 3375 Eodem
1226 3313 1301 3389 iure,
1332 3333 1397 3393 quo

330 3439 404 3512 post
427 3432 490 3507 ἔρια
509 3429 630 3507 ξαίνειν,
654 3428 724 3491 talis
748 3428 918 3510 explicatio
930 3428 1020 3508 sequi
1033 3436 1182 3508 potuerat
1198 3427 1296 3488 verba
1308 3447 1397 3508 prae-

329 3544 489 3607 cedentia:
513 3544 673 3614 σκυτεύειν,
696 3546 872 3621 τεκταίνειν,
897 3545 960 3626 σερί
984 3540 1106 3611 πλυνούς
1128 3543 1221 3620 ἔχειν.

374 3659 466 3741 Quae
489 3656 682 3720 antecedunt
704 3655 813 3735 verba,
837 3656 881 3717 ita
904 3654 1069 3717 constituit
1091 3654 1341 3715 Herwerdenus:

374 3769 471 3834 ΦΙΛ.
495 3773 547 3832 καί
570 3771 630 3848 μὴν
653 3770 741 3831 ύίκουε
754 3805 796 3816 -
809 3771 909 3845 ἡλίκα·
931 3772 994 3830 ἔστι
1006 3768 1070 3852 γαρ
1083 3770 1189 3850 μιαρόν
1201 3789 1230 3828 τι
1247 3764 1343 3845 φῦλον
1358 3804 1396 3811 -

330 3888 378 3949 ὑπ’
414 3883 566 3964 ἀσχολίας
596 3884 711 3966 (ν’ίλλας
742 3883 805 3969 γαρ
837 3885 953 3963 τέχνας
976 3885 1039 3954 οίας
1063 3882 1136 3952 εἰκὸς
1161 3882 1228 3952 τούς
1252 3885 1398 3952 τοιούτους

332 3997 501 4080 ε’μανθανε,
532 4001 681 4061 σκυτεύειν
712 3997 815 4073 σθω.
845 3995 1002 4082 κλώθοιεν)
1034 3995 1162 4060 τοιαῦτα
1197 4000 1291 4058 τοίνυν
1324 3998 1398 4069 κτὲ.,

330 4114 438 4175 delens
461 4123 535 4195 post
559 4110 710 4191 ἀσχολίας
733 4113 830 4173 verba
856 4112 988 4175 ἐδούλευε
1013 4150 1048 4158 -
1072 4111 1088 4186 ύ)
1111 4107 1247 4188 ἐθήτευε,
1269 4121 1304 4172 ut
1316 4132 1399 4191 quae

332 4228 444 4287 misere
468 4227 633 4288 abundent
653 4236 727 4307 post
750 4226 879 4288 δουλικὸν
898 4237 929 4289 et
954 4223 1078 4303 θητικόν
1102 4246 1159 4287 nec
1183 4245 1259 4286 sane
1282 4226 1399 4286 δουλεία

331 4344 384 4402 καί
406 4337 518 4416 θνρτεία
539 4343 601 4403 sint
624 4343 743 4419 τέχναι,

376 4456 497 4538 Quodsi
544 4476 617 4517 vere
651 4455 730 4517 haec
765 4455 998 4516 Herwerdenus
1031 4453 1210 4533 suspicatus
1245 4463 1294 4514 est
1327 4451 1399 4537 (nec
