3120 5160
751 439 792 503 68

284 627 319 692 C.
354 645 406 707 40.
442 631 495 691 καί
524 632 552 691 εί
579 653 619 707 γε
643 630 686 709 μή
710 630 761 692 τόν
784 628 931 716 Βριάρεων
954 633 971 706 ή
993 630 1084 703 Θέτις
1108 631 1252 695 ἐκάλεσεν
1275 634 1316 704 ὡς

240 746 372 820 νοήσασα
398 743 432 806 τό
457 748 648 824 γιγνόμενον,
674 743 834 820 ἐπεπέδητο
858 744 896 806 ἀν
918 748 934 808 ό
956 745 1116 826 βέλτιστος
1138 745 1218 816 Ζεύς
1242 747 1315 826 ξυν-

240 854 420 944 αρπασθείς.
455 859 629 940 Jacobitius
660 860 705 921 ita
728 860 825 922 edidit
847 881 865 922 e
888 860 957 922 cod.
984 860 1088 938 Gorl.;
1112 861 1257 924 Reitzius
1280 872 1315 924 et

238 972 424 1036 Dindorfius
450 971 611 1050 ἐλεήσασα.
637 971 755 1055 Ἐλεεῖν
774 997 804 1036 τι
817 995 892 1036 num
906 985 991 1038 recte
1003 977 1134 1053 dicatur,
1149 976 1242 1038 valde
1253 977 1315 1038 du-

239 1088 323 1164 bito;
348 1109 458 1150 verum
482 1098 562 1169 puto
586 1092 814 1166 κατανοήσασα,
839 1091 926 1172 quod
949 1102 1136 1173 corruptum
1160 1093 1191 1153 in
1204 1096 1260 1153 καί
1271 1129 1312 1138 --

239 1201 352 1263 deinde
386 1202 416 1262 in
447 1203 485 1271 ὡς
516 1203 646 1278 νοήσασα
677 1203 764 1266 abiit.
795 1204 911 1266 Nescio
943 1225 984 1265 an
1018 1225 1043 1266 c.
1067 1222 1111 1282 44
1135 1204 1315 1290 ἀνατρέπων

240 1336 298 1396 pro
322 1311 498 1399 ἀνατρέπεις
521 1317 758 1379 rescribendum
782 1319 832 1380 sit.

286 1427 320 1491 C.
356 1442 393 1502 52
410 1479 415 1491 .
430 1477 436 1490 .
452 1477 481 1492 ..
510 1433 678 1509 λιχνότατε
701 1434 754 1492 καί
775 1428 1053 1510 ἀναισχυντότατε.
1074 1432 1313 1499 Herwerdenus

240 1543 353 1604 suadet
387 1547 589 1624 λαγνίοτατε,
622 1543 755 1606 fortasse
786 1555 878 1621 recte,
911 1546 966 1607 sed
997 1546 1084 1626 quod
1106 1546 1190 1607 idem
1213 1543 1310 1607 Rhet.

240 1657 345 1718 Praec.
382 1673 422 1736 23
457 1657 602 1738 κυβεύειν,
640 1654 867 1737 μεθύσκεσθαι,
903 1661 1071 1736 λαγνεύειν,
1107 1663 1260 1738 μοιχεύειν
1295 1658 1311 1735 ή

241 1770 351 1851 αὐχεῖν
384 1794 423 1848 γε
458 1782 490 1833 et
524 1773 630 1853 Fugit.
661 1790 699 1852 19
724 1768 826 1852 μέθής
849 1775 901 1834 καί
923 1777 1065 1852 μοιχείας
1088 1775 1140 1835 καί
1161 1778 1312 1852 λαγνείας

240 1889 292 1948 καί
332 1885 537 1972 φιλαργυρίας
579 1923 621 1933 -
664 1891 812 1967 λιχνεύειν
853 1899 885 1950 et
919 1891 1055 1967 λιχνείας
1086 1889 1310 1970 corrigendum

240 2011 358 2082 censet,
393 2002 522 2063 minime
555 2001 691 2082 probare
725 2022 875 2083 possum;
924 2003 1052 2083 gravius
1086 2002 1161 2063 illud
1196 2003 1311 2065 vitium

145 2125 148 2132 ’
240 2114 354 2175 acerbe
377 2115 412 2175 iis
435 2115 573 2195 imputat
591 2115 770 2189 Lucianus;
793 2116 868 2196 quin
891 2116 996 2177 nescio
1016 2136 1056 2176 an
1076 2116 1173 2177 etiam
1195 2115 1310 2177 Piscat.

240 2245 282 2305 42
307 2248 365 2308 pro
389 2232 509 2307 λιχνεία
532 2239 673 2309 praestet
695 2229 864 2291 rescribere
888 2233 1031 2306 λαγνεία,
1056 2249 1130 2290 nam
1150 2227 1201 2290 hic
1213 2229 1310 2290 iidem

241 2352 414 2422 carpuntur
435 2343 489 2424 qui
512 2343 619 2424 Fugit.
648 2360 696 2422 19,
721 2342 831 2424 Cynici
856 2363 899 2405 sc.
924 2342 1025 2404 Recte
1047 2341 1163 2424 legitur
1188 2345 1311 2420 λιχνεία

240 2455 305 2518 Vit
329 2454 436 2518 'Auct
465 2473 512 2536 19,
536 2456 648 2517 Piscat.
672 2458 724 2534 48,
750 2457 790 2518 de
813 2457 909 2518 Merc.
937 2455 1035 2519 Cond.
1063 2472 1114 2533 24,
1140 2456 1232 2518 Asin.
1255 2468 1310 2533 47,

240 2568 420 2651 Lexiphan.
447 2583 498 2647 25,
522 2570 630 2650 Fugit.
659 2570 705 2631 16.

286 2685 428 2748 Gaurus
452 2697 528 2746 slvu
550 2683 728 2747 Souuruu.

286 2798 321 2862 C.
361 2816 408 2876 14.
432 2797 532 2859 ον’κοῦν
557 2797 661 2868 ἐκεῖνος
685 2798 760 2860 αὑτό
783 2800 902 2877 κλέψας
925 2795 991 2860 εἶτα
1017 2797 1196 2876 ἐπωμόσατο
1221 2793 1311 2867 θεούς

242 2915 408 2982 τοσούτους.
437 2911 527 2975 Simo
557 2913 678 2974 vicinus
702 2912 851 2994 patellam
875 2913 997 2974 furatus
1020 2933 1076 2994 per
1098 2933 1209 2973 omnes
1232 2913 1311 2974 deos

240 3027 360 3088 furtum
391 3026 569 3088 abiurabat.
601 3026 665 3108 Qui
689 3046 812 3088 memor
835 3037 883 3088 est
908 3027 1007 3088 Arist.
1032 3026 1141 3106 Equit.
1166 3042 1232 3103 424
1256 3026 1311 3086 ubi

241 3141 390 3202 isiciarius
414 3140 514 3201 simile
537 3142 657 3203 facinus
681 3141 853 3202 committit
878 3138 931 3224 (ci.
957 3140 1055 3202 etiam
1080 3139 1179 3200 Nubb
1217 3154 1309 3218 1232,

241 3255 375 3335 Lysistr.
406 3251 486 3337 903)
508 3255 539 3317 h.
553 3256 572 3318 i.
596 3255 730 3317 verbum
755 3253 932 3332 ἐπωμόσατο
955 3275 1019 3315 non
1043 3255 1110 3315 sine
1132 3254 1312 3335 suspicione

241 3368 464 3429 considerabit.
488 3363 705 3447 Ἐπόμνυσθαι
726 3379 757 3430 et
774 3363 955 3445 διόμνυσθαι
968 3369 998 3429 in
1011 3369 1153 3430 Luciano
1165 3366 1311 3448 frequen-

241 3482 361 3544 tissime
395 3493 574 3562 occurrunt,
610 3503 768 3562 nusquam
804 3491 911 3543 tamen
946 3480 1025 3544 haec
1059 3482 1157 3543 verba
1186 3481 1248 3562 legi
1271 3501 1311 3542 eo

242 3618 347 3661 sensu.
381 3617 446 3676 quo
469 3598 571 3659 Attici
595 3595 764 3677 ἀπομνύναι
788 3616 939 3677 usurpare
963 3597 1073 3657 solent.
1098 3596 1164 3657 Vix
1186 3594 1308 3664 dubito,

242 3712 318 3792 quin
343 3707 486 3789 ἀπώμοσε
510 3713 741 3774 restituendum
765 3711 814 3771 sit.

286 3825 461 3906 Postquam
503 3847 529 3889 c.
578 3844 617 3907 23
660 3826 800 3889 correxi:
845 3824 917 3885 ἀλλ’
961 3830 994 3899 ἧν
1029 3825 1103 3887 ποτέ
1133 3821 1212 3909 (σου)
1244 3826 1310 3884 νοῦ-

242 3947 300 4016 φος
346 3940 467 4023 πυρετός
514 3939 699 4020 ἑπιλάβήται
745 3937 796 4025 (cf.
846 3939 967 4020 Nigrin.
1016 3956 1066 4019 29,
1110 3937 1223 4018 Scyth.
1267 3934 1308 4020 5),

242 4055 446 4116 tractabitur:
