3456 5332
853 467 871 511 2

324 640 389 708 est;
425 631 533 710 potius
565 632 710 712 suspicor
735 654 753 693 a
776 634 920 695 Luciano
944 633 1097 713 scriptum
1121 631 1216 693 suisse
1239 630 1308 715 πρός
1332 629 1399 700 τοδς

324 744 445 814 σίλλους,
477 744 563 824 apud
596 745 734 826 reliquos
765 747 885 808 amicos
917 755 949 809 et
974 747 1176 808 necessarios.
1201 745 1276 805 Non
1301 743 1400 805 semel

324 858 412 918 όίλλοι
445 867 478 920 et
512 863 618 921 πολλοί
649 859 780 921 confusa
815 869 900 923 sunt.
935 859 981 922 Cf.
1015 879 1043 920 e.
1058 879 1089 940 g.
1122 857 1335 921 Schwartzius
1359 856 1399 918 ad

324 973 471 1035 Hermot.
510 989 558 1050 14,
590 972 711 1035 Toxar.
745 985 794 1051 55,
824 973 895 1053 Jov.
920 970 1048 1035 Consut.
1073 972 1140 1034 init.
1165 971 1400 1032 Herwerdenus

324 1088 365 1148 ad
397 1088 488 1150 Asin.
515 1103 555 1167 23
580 1097 613 1150 et
636 1084 746 1149 Sbtius
771 1090 828 1168 (z
852 1082 1160 1169 Sommerbrodtius)
1184 1086 1224 1147 ad
1248 1085 1288 1167 Q.
1313 1085 1398 1146 Hist.

325 1202 455 1265 Conscr.
481 1218 533 1281 23.

369 1315 406 1382 C.
435 1333 482 1377 11.
508 1316 552 1393 μὴ
571 1317 624 1376 καί
642 1314 713 1376 κατ’
734 1314 811 1375 ἄλλο
830 1336 859 1375 τι
876 1313 1016 1392 γένωμαι
1028 1319 1089 1382 τοῖς
1102 1313 1271 1394 ὑποκριταῖς
1285 1309 1401 1379 ἐκείνοις

326 1432 432 1508 ὅμοιος,
456 1431 500 1491 οί.
514 1475 521 1490 .
537 1475 566 1490 ..
590 1429 737 1513 χρυσίδας
761 1424 962 1505 ἠμφιεσμένοι
986 1429 1038 1487 καί
1062 1425 1152 1487 δεινόν
1172 1424 1403 1506 βλέπουτεςιιαί

326 1544 415 1621 μέγα
438 1545 601 1622 κεχηνότες
623 1552 692 1603 κτλ.
713 1538 976 1601 Hemsterhusius
997 1538 1156 1619 probante
1169 1535 1293 1602 Cobeto
1306 1537 1347 1599 V.
1361 1537 1399 1598 L.

326 1675 381 1736 pg.
417 1671 479 1716 222
514 1674 572 1735 pro
601 1654 747 1738 χρυσίδας
778 1689 820 1698 -
850 1653 995 1730 ξυστίδας
1026 1652 1169 1726 coniecit,
1201 1651 1257 1712 sed
1291 1648 1401 1712 Sbtius

327 1778 434 1830 tuetur
468 1777 639 1848 servatque
673 1767 839 1848 vulgatam
870 1766 1039 1828 lectionem
1072 1775 1104 1828 et
1129 1764 1288 1826 mordicus
1313 1773 1402 1826 tenet

327 1879 535 1956 Fritzschius;
575 1887 670 1960 putat
707 1881 801 1956 enim,
841 1887 877 1942 ut
909 1876 1059 1963 πορφυρίς,
1091 1880 1135 1940 ita
1168 1879 1265 1940 etiam
1296 1881 1402 1962 χρυσός

327 2002 450 2055 vestem
481 1991 659 2073 significare
689 2012 784 2072 posse
807 2001 840 2054 et
863 2002 1031 2072 comparat
1055 1994 1268 2075 χρυσόπαστον
1291 1991 1402 2066 στολήν

328 2117 360 2169 et
383 2106 494 2168 similia
518 2106 604 2186 apud
624 2106 802 2167 Lucianum
815 2104 920 2168 obvia.
934 2105 1027 2166 Hanc
1040 2105 1068 2165 F
1069 2102 1205 2165 ritzschii
1217 2103 1400 2184 opinionem

328 2220 431 2300 primo
462 2218 579 2281 obtutu
602 2217 689 2279 haud
711 2238 788 2280 sane
810 2216 992 2294 absurdam,
1018 2227 1126 2279 tamen
1150 2215 1290 2279 infirmat
1313 2216 1402 2278 locus

329 2333 359 2392 in
383 2331 424 2395 D.
438 2331 478 2392 D.
504 2332 547 2392 III
571 2349 589 2392 2
615 2328 779 2416 πορφυρίδα
805 2333 871 2410 ἔχε,
891 2331 997 2392 ὑποδοῦ
1016 2331 1172 2415 χρυσίδας,
1188 2330 1242 2392 ubi
1255 2331 1402 2415 χρυσίδας

330 2446 453 2508 calceos
476 2453 605 2507 auratos
628 2444 814 2526 significare,
838 2445 910 2525 quis
933 2453 992 2524 est,
1016 2445 1070 2524 qui
1095 2464 1157 2505 non
1179 2443 1308 2506 videat?
1331 2443 1403 2507 Sta-

330 2560 486 2622 tuendum
510 2559 606 2640 igitur
628 2567 677 2620 est
699 2558 846 2642 χρυσίδας
868 2567 924 2619 aut
947 2558 1071 2619 diversa
1094 2566 1284 2620 ornamenta
1306 2577 1403 2619 aurea

330 2674 397 2734 sive
419 2676 531 2734 aurata
553 2672 691 2733 indicare
710 2691 813 2751 posse,
834 2680 891 2734 aut
911 2669 1020 2733 nostro
1042 2670 1113 2732 loco
1127 2671 1321 2733 vocabulum
1333 2690 1403 2731 esse

331 2796 527 2867 corruptum,
551 2805 689 2867 quorum
713 2784 776 2846 hoc
798 2785 882 2847 duco
905 2785 1112 2846 verisimilius
1132 2868 1138 2879 ι

376 2898 411 2961 C.
435 2912 485 2978 35.
506 2895 594 2960 τοῦτο
621 2899 655 2975 δὴ
682 2897 717 2959 τό
740 2902 798 2959 πῶυ
821 2895 966 2959 Φαιοίαονν
990 2893 1091 2962 ποίθοο
1115 2891 1297 2959 ἐπεπόνθειν.
1322 2893 1402 2957 Sus-

332 3024 462 3093 pectum
486 3011 561 3073 mihi
582 3022 631 3075 est
654 3007 765 3082 πόθος.
791 3011 837 3074 Cf.
862 3012 974 3073 Piscat.
1002 3012 1041 3090 38
1066 3010 1101 3073 τό
1124 3008 1197 3088 γοῦν
1220 3008 1279 3072 τοῖν
1291 3007 1404 3070 Ἰλιέων

332 3126 472 3205 ἀτεχνῶς
503 3121 719 3204 πεπόνθαμεν,
753 3125 896 3206 Apolog.
932 3137 946 3202 5
977 3126 1065 3185 όίλλοι
1087 3123 1119 3184 δὲ
1142 3123 1176 3185 τό
1200 3125 1253 3186 τοῦ
1276 3119 1404 3200 πιθιίαου

333 3234 514 3300 πεπονθέναι
537 3259 570 3299 σε
590 3236 741 3314 Φήσουσιν,
762 3238 816 3300 Bis
837 3238 946 3300 Aecus
972 3254 1010 3299 21
1027 3232 1219 3307 πεπονθότας
1232 3235 1264 3298 δὲ
1276 3232 1404 3305 ἀθλίους

333 3350 367 3411 τό
391 3348 443 3412 τοῦ
466 3350 641 3422 Ταυτοίλου,
667 3352 773 3431 Fugit.
796 3367 834 3412 21
859 3351 893 3412 τό
915 3354 968 3426 τῆς
989 3347 1403 3429 Πευελόπυςέαεῖυοποίσχοι.

333 3462 550 3526 Vehementer
584 3464 697 3525 dubito
728 3484 804 3525 num
829 3463 977 3534 Hermot.
1004 3463 1023 3523 8
1047 3461 1112 3524 ου’δέ
1136 3464 1210 3532 όλιος
1233 3457 1335 3530 πόθος
1358 3463 1403 3522 ἔτι

333 3579 465 3639 τοιοῦτον
488 3573 583 3639 πόθοι
607 3578 645 3637 όίν
668 3586 813 3638 nostrum
836 3575 944 3638 locum
968 3576 1044 3637 satis
1069 3576 1149 3636 tueri
1173 3576 1283 3655 possit.

378 3691 543 3751 Innrcnnn
566 3689 767 3751 Vocnnnnr.

313 3847 317 3854 -
379 3802 415 3865 C.
433 3816 459 3880 5.
474 3805 527 3863 καί
538 3804 603 3878 όγε
616 3807 728 3884 πρῶτος
741 3802 812 3880 ἡμῖν
824 3799 892 3869 τους
905 3801 1010 3878 νόμους
1023 3802 1145 3868 τούτους
1158 3799 1403 3868 διατυπώσας...

335 3916 365 3975 οὗ
390 3919 427 3993 τῇ
450 3915 540 3993 τοίὲει
564 3919 662 3994 μόνον,
684 3910 760 3976 καθ’
782 3915 816 3989 ἣν
836 3915 870 3974 αί
880 3913 1025 3998 προεδρίαι
1038 3911 1247 3992 βεβαιοῦνται,
1260 3913 1403 3995 διώρισαν,

335 4032 368 4089 τί
396 4033 508 4111 πρῶτον
531 4032 618 4089 ἔσται
642 4027 657 4101 υ]
681 4029 825 4111 δεύτερον,
851 4025 936 4086 ἄλλα
960 4028 1012 4086 καί
1035 4028 1205 4100 ποιότητας,
1227 4023 1264 4095 aa
1277 4027 1404 4087 ἕκαστον

336 4144 419 4220 ἡμῶν
438 4145 514 4220 ἔχει,
535 4166 586 4202 και
609 4142 750 4219 δυνοίμεις
774 4140 915 4201 συνεῖδον.
941 4141 1038 4199 Miror
1062 4139 1204 4199 nondum
1225 4150 1402 4225 correptum
