3120 5160
722 509 726 518 .
826 483 868 544 90

311 660 496 740 Jacobitius‚
539 678 598 720 nec
638 667 712 740 post
746 658 945 721 accusativos
986 659 1055 721 illos
1087 668 1173 722 recte
1205 668 1389 740 sequuntur

313 773 508 835 nominativi.
530 771 723 836 Continuata
742 773 899 835 sententia
920 773 964 835 sic
983 773 1130 854 legerim:
1151 772 1250 853 ὂςούχ
1262 773 1388 858 έιιροέκει

312 884 370 957 τοὶς
400 886 458 966 μὲν
487 890 598 972 τρίχας
630 923 668 932 -
703 885 745 947 roi
773 889 862 965 χείλη
893 885 925 947 δέ
956 885 1079 949 πελιδνοὶ
1111 891 1164 949 καὶ
1193 887 1309 972 νεκρικοὶ
1333 891 1390 949 καὶ

315 1001 376 1084 (ὅτι
400 997 427 1085 ὁ)
450 1000 606 1086 τράχηλος
630 1000 737 1069 λεπτος
760 1003 813 1061 καὶ
836 997 882 1084 (η)
905 1003 947 1086 (tu
970 1002 1087 1086 μακροί.

354 1116 383 1177 II
407 1132 435 1176 2.
461 1115 571 1178 Malim
596 1113 772 1178 ἕδικασαντο
796 1115 900 1196 legere
923 1136 982 1197 pro
1006 1114 1176 1186 ἐδικάσατο,
1197 1137 1386 1197 quamcum

311 1231 527 1293 Herwerdeno
550 1240 624 1313 post
648 1229 709 1292 hoc
732 1229 866 1291 verbum
891 1226 974 1307 αιίτῴ
997 1230 1133 1292 inserere

355 1345 499 1408 Verbum
531 1364 625 1426 aegre
655 1344 798 1406 desidero
828 1344 890 1406 VII
923 1361 940 1405 2
975 1341 1060 1405 ἄλλα
1090 1348 1183 1414 καλός
1213 1343 1308 1428 (ἐστι)
1333 1349 1387 1407 καὶ

311 1458 447 1536 ἀγένειος
470 1463 525 1521 καί
546 1456 646 1538 Φησίν.

355 1574 408 1635 Bis
432 1575 462 1635 in
485 1573 649 1636 Reitziana
673 1574 809 1635 editione
832 1593 907 1634 vera
930 1573 1030 1635 forma
1046 1583 1176 1660 ⁹servata
1195 1583 1244 1636 est
1263 1584 1296 1636 et
1307 1575 1386 1636 VIII

312 1704 330 1748 2
366 1688 544 1772 ἑταιρίσασα
580 1686 634 1770 (cf.
669 1687 731 1748 VII
757 1688 788 1769 3)
820 1698 853 1750 et
876 1688 907 1749 X
929 1706 946 1750 2
970 1687 1103 1763 ἐλύπησα
1123 1685 1247 1773 (reliqui
1270 1709 1384 1750 omnes

272 1813 276 1820 '
312 1803 395 1865 male
418 1803 604 1888 ἑταιρήσασα
630 1812 661 1864 et
686 1801 840 1887 ἐλύπησε).

355 1917 395 1979 Χ.
424 1934 452 1996 3.
479 1920 493 1978 ι’
515 1918 614 2001 πατὴρ
637 1916 701 2002 γοὶρ
726 1915 949 2002 Ἀρισταινέτῳ
973 1918 1125 2003 παρέδωκέ
1144 1941 1184 1996 με
1206 1916 1384 1998 Φιλοσοφεϊν

313 2030 405 2109 αὐτῷ,
437 2041 469 2093 et
506 2051 549 2092 ex
580 2032 648 2113 ipsa
679 2051 711 2092 re
742 2040 877 2113 apparat
910 2029 1177 2111 (συμηφιλοσοΦεῖν
1199 2052 1268 2093 esse
1290 2039 1384 2114 repo-

316 2146 456 2207 nendum
479 2155 511 2208 et
535 2165 577 2207 ex
599 2145 639 2207 D.
663 2146 758 2207 Mort.
784 2146 894 2207 XVIII
918 2163 947 2222 2,
972 2147 1119 2209 Hermot.
1149 2164 1196 2209 11.

358 2259 455 2321 Paulo
490 2269 564 2341 post
598 2260 819 2345 πανευδαίμονα
855 2261 967 2323 melius
1002 2263 1138 2344 quadrat
1173 2283 1270 2345 quam
1304 2262 1383 2323 πάνυ

312 2373 485 2454 εὐδαίμονα,
517 2394 591 2435 nam
622 2394 648 2436 c.
678 2392 699 2452 4
723 2376 880 2456 promittit
903 2377 939 2445 ὡς
963 2371 1080 2438 ἰσόθεον
1102 2372 1264 2455 ἀποφανεῖ
1279 2374 1382 2439 αὐτόν.

356 2487 418 2549 XII
458 2504 483 2548 r.
517 2487 680 2572 ὑποχείριον
711 2490 792 2567 ἔχων
820 2512 861 2568 με
890 2495 1050 2564 τετηκυῖαν
1075 2488 1121 2552 ἐπὶ
1143 2494 1196 2552 σοι’.
1220 2484 1382 2566 Τηκεσθαι

313 2602 361 2665 ἐπί
395 2625 448 2665 τινι
483 2623 546 2664 non
582 2603 639 2664 nisi
672 2601 734 2665 hl.
772 2603 887 2685 legitur
918 2605 948 2666 in
979 2604 1138 2682 Luciano;
1163 2606 1217 2686 qui
1240 2604 1381 2685 aliquam

312 2717 443 2798 deperit,
479 2717 593 2779 dicitur
623 2720 791 2796 μεμηνέναι
822 2716 870 2779 ε’πί
898 2741 954 2780 τινι
985 2718 1035 2780 vel
1069 2717 1282 2798 ἐπιμεμηνέναι
1306 2722 1380 2792 σινι’;

312 2830 387 2892 illud
429 2832 460 2892 in
494 2829 556 2894 hoc
586 2832 655 2912 ipso
686 2831 813 2913 dialogo
845 2832 980 2913 legimus
1009 2853 1034 2896 c.
1068 2851 1086 2894 2
1118 2835 1241 2911 γύναιον
1272 2828 1383 2895 ἄθλιον

261 2985 262 2988 =
313 2951 412 3007 λυπῶν
444 2945 577 3023 μεμηνὸς
601 2944 647 3008 ἐπὶ
669 2949 729 3021 σοι’;
753 2944 815 3008 hoc
840 2947 953 3008 Amor,
980 2964 1020 3008 22
1045 2955 1162 3018 λέοντες
1185 2949 1235 3010 οιίκ
1260 2947 1382 3026 ἐπιμαί-

313 3082 413 3121 νονται
446 3060 552 3130 λέουσι,
587 3060 627 3120 de
657 3057 751 3140 Syria
783 3058 852 3122 Dea
882 3077 933 3136 21,
967 3077 1006 3120 22
1039 3070 1071 3123 et
1090 3061 1120 3122 in
1145 3063 1214 3143 ipso
1237 3061 1381 3124 Luciano

312 3174 439 3236 Timon.
483 3173 534 3250 26,
577 3173 618 3235 D.
661 3174 740 3236 Mar.
780 3175 794 3235 I
834 3192 859 3236 1.
894 3174 1047 3236 Rescribo
1081 3176 1177 3256 igitur
1210 3183 1382 3255 μεμηνυῖαν

314 3288 362 3352 ἐπὶ
382 3292 435 3351 σοί.

358 3402 393 3467 C.
430 3419 459 3464 2.
490 3403 606 3478 Ioessa,
641 3401 682 3463 ab
707 3411 851 3473 amatore
877 3403 1031 3484 neglecta,
1056 3412 1158 3484 rogat,
1183 3423 1265 3483 quae
1287 3401 1381 3465 huius

312 3517 356 3577 rei
390 3535 486 3577 causa
521 3516 577 3577 sit:
609 3519 641 3577 σι’
661 3537 694 3577 σε
726 3513 743 3590 ἢ
774 3516 863 3593 μέγα
893 3514 909 3591 η’
933 3516 1035 3602 μικρὸν
1058 3514 1181 3592 ηόίκησα
1206 3515 1222 3592 ἢ
1247 3515 1380 3594 ἐλύπησα

314 3628 393 3709 ἐγώ;
418 3632 486 3690 τίνα
511 3629 609 3714 ἕτερον
631 3627 729 3704 aldum
754 3629 785 3691 ozi
806 3630 874 3714 πρὸς
897 3634 986 3709 μόνον
1007 3653 1040 3693 σε
1063 3626 1122 3712 ζῶ;
1147 3629 1233 3713 Quid
1256 3641 1305 3693 est
1327 3629 1381 3712 ζην

314 3747 382 3829 πρός
416 3741 508 3806 τινας.2
543 3742 572 3805 Ε
608 3743 870 3824 praecedentibus
905 3755 1038 3826 apparet
1068 3744 1269 3807 scribendum
1294 3764 1378 3807 esse:

313 3857 345 3920 οὐ
368 3859 436 3942 πρὸς
459 3861 548 3936 μόνον
572 3878 604 3918 σε
629 3855 748 3932 Βλέπια

358 3972 436 4035 XIV
458 3989 475 4032 2
496 3971 620 4051 corrigo
639 3967 724 4031 ἄλλα
744 3966 989 4056 (συν)εκοιμη’θης
1012 3974 1122 4042 νύκτας
1145 3972 1204 4034 δύο.

357 4085 412 4147 ΒΕ
434 4085 564 4148 MORTE
587 4084 790 4146 Pauucurur.

358 4197 394 4261 C.
431 4215 448 4259 2
492 4201 613 4277 μᾶλλον
644 4197 675 4258 δὲ
703 4201 756 4259 καὶ
786 4195 882 4260 ἀκούω
906 4197 1045 4280 βοῶντος,
1070 4197 1117 4260 οἷοὶ
1138 4219 1172 4260 σε
1196 4198 1270 4269 εἰκὸς
1292 4197 1380 4279 βοοῖν.
