3120 5160
240 813 413 891 dubitavit,
449 815 505 876 sed
539 817 594 896 qui
628 826 730 878 semet
761 817 866 896 ipsum
895 816 1084 897 praecipitat
1108 815 1140 875 in
1166 835 1262 891 mare,
1287 816 1318 875 in

242 936 389 1007 puteum,
425 929 456 988 in
485 929 603 1008 ignem,
635 949 698 989 non
723 928 821 990 semel
845 929 931 1010 apud
956 928 1136 990 Lucianum
1161 927 1319 1007 ἐμπίπτειν

242 1041 367 1117 dicitur,
403 1042 500 1104 veluti
534 1043 574 1104 D.
610 1044 722 1104 Marin.
755 1043 802 1104 IX
839 1061 864 1106 1.
898 1046 952 1104 καί
983 1042 1160 1122 ἐμπεσεῖται
1184 1043 1238 1104 ύπδ
1263 1045 1317 1104 τοῦ

243 1151 461 1234 ῗΑὲδοίμαντος
484 1157 643 1235 διωκομένη
669 1156 697 1226 ἐς
721 1156 754 1219 τδ
779 1157 925 1234 πέλαγος,
949 1156 1051 1218 XV·2
1076 1157 1215 1242 δρομαῖος
1235 1155 1319 1235 μένὸ

243 1267 324 1337 Ζευς
351 1273 486 1354 ὥρμησεν
517 1269 564 1331 ἐπί
593 1271 647 1346 την
671 1266 843 1333 θοίλατταν
876 1268 973 1355 Φέρων
997 1269 1092 1346 αὐτην
1116 1273 1169 1331 καί
1192 1268 1318 1349 ἐνηχετο

244 1380 392 1460 ἐμπεσών,
427 1382 466 1443 D.
503 1383 631 1444 Meretr.
666 1383 728 1444 XII
760 1399 778 1443 2
822 1382 837 1458 η’
869 1388 898 1452 ἐς
929 1382 964 1445 τδ
988 1380 1086 1466 Φρέαρ
1111 1381 1157 1444 ε’πί
1178 1379 1319 1460 κεφαλὴν

245 1493 443 1573 ἐμπεσοῦσαν,
475 1497 515 1557 de
544 1497 649 1558 Morte
679 1498 746 1579 Per.
776 1514 818 1575 24
841 1500 1031 1576 συνεμπεσὼν
1055 1494 1264 1578 ἐπίκεφαλην
1289 1495 1318 1567 ἐς

245 1608 280 1670 τδ
305 1606 370 1693 πῦρ.

291 1722 337 1782 ΙΧ
372 1740 397 1784 1.
432 1720 542 1806 τροΦδς
565 1721 629 1806 γαρ
653 1721 748 1784 αὐτοῦ
771 1721 828 1808 (sc.
853 1721 984 1808 Bacchi)
1008 1727 1059 1785 καί
1080 1720 1176 1800 τιτθὴ
1200 1725 1217 1797 η
1241 1723 1317 1786 Ἰνώ.

245 1833 339 1897 Solus
370 1836 439 1899 cod.
472 1832 613 1911 FrnSr‘e
636 1835 744 1916 habet,
768 1838 865 1918 quod,
889 1858 990 1919 quum
1014 1838 1186 1918 praecedat
1208 1836 1319 1922 τροφός

244 1958 278 2009 et
312 1949 369 2009 Ino
400 1969 508 2010 revera
538 1948 655 2010 Bacchi
686 1960 770 2011 esset
793 1960 974 2026 matertera,
998 1949 1050 2012 hic
1071 1951 1205 2013 fortasse
1228 1971 1316 2032 prae·

245 2061 409 2123 ferendum
441 2074 498 2125 est.
531 2059 667 2133 τιτὲιίδος
696 2073 728 2126 et
760 2059 893 2138 τηθίδος
915 2064 1057 2126 confusio
1085 2065 1182 2126 etiam
1207 2074 1319 2126 notata

245 2185 294 2237 est
317 2196 336 2236 a
359 2176 489 2237 Nabero
512 2178 543 2237 in
568 2191 603 2255 3³
622 2176 756 2257 epistola
776 2174 901 2257 Synesii
923 2177 1056 2259 (Mnem.
1080 2178 1163 2255 1894
1182 2196 1235 2256 pg.
1249 2174 1317 2259 97).

289 2287 444 2349 Dmnocr
468 2289 711 2352 Monroomnr.
1035 2368 1036 2372 Ἰ

277 2385 304 2460 vI
339 2418 363 2462 1.
398 2401 486 2484 εὕροις
518 2397 586 2463 δ’ἐὶν
618 2402 709 2464 αὐτὸν
741 2401 771 2463 ἐν
795 2398 939 2487 Κορίνθῳ
962 2402 1047 2465 κατα
1072 2402 1106 2464 τδ
1128 2400 1317 2487 Κροίνειονέι]

247 2513 276 2576 ἐν
304 2513 427 2593 Λυκείῳ
456 2523 515 2578 τῶν
539 2514 691 2601 ἐριζόντων
714 2517 783 2600 πρὸς
806 2515 956 2593 αλληλους
980 2513 1154 2595 Φιλοσόφων
1176 2538 1318 2593 καταγε-

245 2634 358 2690 λῶντα.
390 2630 500 2691 Malim
534 2629 563 2691 ἐν
586 2627 658 2714 (τῳ)
684 2628 807 2707 Λυκείῳ
832 2630 895 2714 (cf.
921 2629 1049 2692 Anach.
1075 2646 1117 2709 29
1141 2627 1200 2691 των
1224 2628 1253 2691 ἐν
1276 2626 1318 2705 τῷ

247 2739 370 2820 Λυκείῳ
399 2742 670 2828 γυμναζομένων),
701 2745 789 2825 quod
819 2746 916 2807 etiam
940 2744 974 2806 τδ
997 2743 1146 2828 Κρσίνειον
1168 2743 1319 2805 articulus

246 2864 294 2916 est
317 2854 444 2918 additus
478 2855 628 2918 Ceterum
652 2856 767 2918 vellem
791 2859 943 2938 scriptum
964 2877 1033 2918 esse
1054 2856 1069 2931 ii
1091 2856 1120 2918 ἐν
1141 2862 1182 2934 τῷ
1196 2855 1318 2933 Λυκείῳ

246 2963 412 3045 Ἀθήνησι,
448 2971 504 3031 sed
537 2969 612 3031 nihil
644 2970 747 3031 audeo
772 2982 906 3032 mutare.
933 2970 1008 3031 Alia
1032 2971 1072 3030 de
1095 2990 1192 3031 causa
1215 2968 1318 3030 Roth-

245 3081 376 3142 steinius
391 3081 417 3164 ¹)
449 3084 480 3142 in
503 3081 744 3164 hacsententia
767 3083 870 3145 haesit
893 3103 1019 3164 „neque
1042 3083 1218 3144 orationem
1242 3083 1319 3144 satis

246 3213 315 3254 esse
338 3195 525 3256 concinnam
549 3205 581 3257 et
604 3216 699 3277 aegre
723 3196 893 3258 desiderari
915 3196 1060 3275 verbum,
1086 3216 1163 3275 quo,
1187 3196 1264 3276 quid
1286 3196 1317 3256 in

246 3305 370 3368 Craneo
404 3307 506 3369 facere
541 3309 652 3371 solitus
685 3311 726 3372 sit
757 3311 928 3391 Menippus
960 3303 1130 3387 indicetur;
1156 3311 1211 3371 vix
1234 3310 1318 3370 enim

245 3420 411 3500 probabile
434 3441 503 3482 esse
523 3421 636 3484 Cranei
660 3425 855 3485 mentionem
876 3425 984 3486 fecisse
1004 3425 1193 3506 Lucianum,
1207 3425 1266 3485 nisi
1277 3425 1318 3486 ad

246 3554 313 3595 rem
344 3534 484 3615 aliquam
515 3535 652 3615 lepidam
685 3537 716 3597 in
748 3537 930 3598 auditorum
955 3538 1143 3598 memoriam
1167 3556 1319 3598 revocan-
1377 3558 1379 3562 ⁴

245 3645 353 3707 dam.”
377 3647 470 3723 Hinc,
493 3658 594 3727 quom
618 3649 693 3710 Vat.
721 3651 761 3728 87
786 3659 861 3730 post
884 3650 918 3712 τδ
941 3647 1091 3734 Κροίνειον
1114 3649 1213 3710 addat
1232 3649 1318 3722 ηλια-

245 3756 371 3839 ζόμενον
397 3770 428 3822 et
453 3762 521 3824 cod.
547 3761 709 3824 Palatinus
732 3777 784 3842 73,
809 3764 865 3843 qui
889 3762 1019 3824 fluxisse
1042 3763 1168 3824 videtur
1191 3783 1218 3825 e.
1242 3761 1317 3824 Vat.

245 3887 289 3951 90
322 3869 523 3958 ηλιὲδεροῦντα
557 3853 719 3955 praebeat,
752 3878 985 3957 „depravatum
1016 3897 1058 3936 ex
1089 3871 1318 3960 είιυθεροῦνταῖ2

205 4003 210 4013 ·
245 3986 296 4046 vel
320 3983 544 4071 είληδερουντα,
570 3989 632 4051 hoc
655 3990 790 4051 verbum
810 3991 1011 4071 aptissimum
1032 4009 1136 4070 neque
1154 3986 1319 4070 vulgare,’'

245 4101 304 4180 ipsi
334 4101 477 4164 Luciano
501 4104 608 4165 deberi
631 4114 734 4185 putat.
759 4102 823 4167 Sed
847 4125 899 4166 me
922 4104 1024 4166 iudice
1046 4112 1189 4184 praestat
1211 4103 1319 4183 acqui·

247 4255 391 4263 ——--—.

283 4355 303 4411 ¹)
322 4352 510 4401 Maximilianns
529 4354 671 4405 Rothstein.
690 4353 856 4415 Quaestiones
874 4353 1016 4401 Lucianeae
1038 4351 1100 4401 1888
