3456 5332
860 481 877 541 3

336 662 405 704 esse
429 643 482 716 τὴν
502 643 592 722 τάξιν
615 666 673 726 pro
697 647 734 722 τῇ
759 645 848 723 τάξει
872 654 904 706 et
927 643 1013 730 (τοὶς)
1038 650 1215 723 τοιότκτας;
1241 657 1406 730 praeterea

335 757 505 836 requiritur
528 759 637 842 διώρισε
660 769 693 822 et
715 760 857 821 συνεῖδεν.

380 869 416 932 C.
441 888 470 950 9.
496 872 648 934 articulus
671 874 805 935 excidit:
830 870 900 959 (τῷ)
924 876 963 958 ρῶ
988 876 1163 950 νοσήσαντι.-

378 984 506 1047 Tmou.

379 1096 414 1159 C.
429 1114 459 1174 4.
470 1096 543 1158 ἀλλ’
553 1101 569 1160 o‘
580 1106 716 1176 γενναῖος
730 1099 805 1181 [καὶ]
817 1098 1048 1187 Γιγαντολέτωρ
1058 1104 1112 1163 καὶ
1118 1101 1147 1162 T
1151 1103 1403 1188 ιτανοκράτωρ.-

334 1214 394 1282 καί,
408 1220 494 1274 recte
506 1213 622 1276 delevit
636 1212 857 1276 Schwartzius.
869 1215 1061 1277 Fritzschius
1070 1217 1204 1279 adnotat
1214 1237 1221 1279 ε
1231 1216 1405 1295 ,,Γιγαντο-

334 1325 424 1399 λε’τνς
446 1323 497 1386 hic
519 1325 633 1407 legisse
655 1327 752 1388 videri
776 1337 883 1408 potest
907 1329 1041 1408 scriptor
1063 1328 1226 1410 Philopatr
1262 1329 1315 1408 4’'

378 1436 453 1497 Non
495 1446 621 1500 tantum
662 1439 777 1520 legisse
810 1440 908 1501 videri
943 1451 1060 1521 potest,
1098 1442 1154 1503 sed
1188 1441 1274 1504 haud
1309 1444 1405 1506 dubie

333 1549 420 1631 legit,
452 1560 486 1612 ut
510 1563 644 1632 apparet
667 1572 685 1614 e
708 1551 879 1634 Philopatr.
906 1555 933 1629 8,
961 1555 1015 1615 ubi
1039 1555 1183 1616 Minerva
1203 1557 1292 1618 audit
1315 1559 1331 1632 ἡ
1354 1581 1404 1635 γι-

333 1667 516 1741 γαντολέτις
545 1661 626 1736 θεός.
658 1667 789 1748 Ineptus
818 1666 912 1728 huius
943 1668 1037 1730 libelli
1068 1671 1203 1750 scriptor
1231 1671 1299 1750 ipse
1322 1669 1405 1734 hanc

333 1778 467 1839 sormam
514 1780 700 1860 excogitare
745 1800 807 1840 non
853 1781 975 1861 potuit;
1022 1782 1148 1843 aliunde
1184 1782 1406 1863 ,desumpserit

333 1912 462 1953 necesse
484 1902 542 1956 est.
567 1892 654 1954 Tuto
677 1893 881 1974 igiturtapud
904 1893 1083 1955 Lucianum
1107 1894 1244 1955 rescribe
1268 1893 1404 1971 Γιγαντ-

333 2007 454 2081 old-⁴443
486 2005 629 2067 librarius
654 2005 854 2087 obsequens
877 2005 1110 2090 Τιτανοκράτωρ
1133 2027 1242 2068 veram
1266 2006 1403 2069 formam

332 2119 520 2199 depravavit

376 2232 402 2294 C
442 2250 489 2293 11.
514 2232 618 2294 Valde
641 2232 795 2313 languent
819 2231 934 2293 verba:
958 2230 1014 2294 οῖον
1038 2228 1071 2308 ἦν
1092 2231 1126 2294 τδ
1146 2233 1235 2311 μέγα
1255 2237 1403 2316 κεκραγέ-

332 2368 379 2405 ναι
402 2348 452 2406 κοιδ
474 2345 602 2429 ὀχληρὸν
626 2345 698 2406 εἶναι
721 2348 773 2405 καὶ
797 2339 924 2428 θρασύν.
946 2343 977 2406 οὐ
990 2351 1050 2414 τοῖς
1063 2341 1282 2422 δικαιολογοῦσι
1294 2348 1401 2424 μόνοις,

331 2455 416 2518 άλλοδ
440 2461 492 2519 καὶ
513 2464 573 2528 τοῖς
593 2457 767 2536 εὐχομένοις
787 2459 876 2518 τοῦτο
897 2459 1054 2541 χρήσιμον.
1076 2457 1207 2538 Quanto
1228 2458 1403 2538 elegantior

330 2571 480 2633 evaderet
514 2572 672 2634 sententia
705 2581 738 2632 et
768 2570 901 2630 vividior
932 2569 1013 2631 foret
1042 2571 1154 2650 orati0‚
1178 2571 1203 2631 si
1226 2570 1401 2651 legeretur:

330 2680 385 2743 οἷον
409 2681 487 2768 (ἄρ’)
510 2679 544 2756 ἧν
566 2683 600 2745 τδ
624 2683 713 2761 μέγα
737 2683 962 2763 κεκραγέναι..
978 2727 1008 2744 ..
1032 2686 1092 2752 τοῖς
1113 2683 1287 2761 εὐχομένοις
1300 2681 1401 2766 [τοῦτο

330 2796 507 2880 χρήτιμον];
532 2797 679 2877 equidem
705 2795 797 2857 valde
817 2806 966 2877 suspecta
986 2796 1090 2858 habeo
1110 2806 1274 2878 postrema
1292 2799 1400 2860 verba.

329 2908 419 2971 Sitne
453 2929 526 2971 cum
557 2909 683 2972 Cobeto
706 2909 746 2971 V.
771 2909 808 2970 L.
834 2929 888 2990 pg.
915 2926 977 2971 222
1003 2911 1290 2990 δικαιολογουμένοις
1313 2916 1401 2990 μόνον
1473 2987 1480 2999 ⁹

329 3022 548 3102 reponendum
571 3042 612 3083 an
636 3021 768 3102 vulgata
790 3021 884 3084 lectio
908 3023 1064 3084 servanda
1087 3023 1128 3108 (F
1130 3022 1294 3086 ritzschius
1313 3044 1400 3085 com-

328 3145 420 3215 parat
461 3134 603 3216 Apolog.
654 3151 688 3196 12
730 3140 789 3196 τῶν
822 3134 1100 3220 δικαιολογούντων)
1134 3156 1196 3218 ego
1230 3136 1400 3198 diiudicare

329 3268 433 3328 neque
456 3249 558 3309 ausim
584 3269 689 3328 neque
711 3269 854 3329 possum.

372 3360 407 3424 C.
437 3377 484 3422 12.
509 3366 561 3422 axi
583 3365 744 3442 μονονουχὶ
767 3362 911 3447 δικράνοις
936 3359 1061 3441 ἐξεώθει
1085 3387 1124 3443 με
1146 3368 1200 3440 τῆς
1212 3364 1304 3433 οἰκίας
1316 3359 1398 3426 καθ-

327 3476 403 3559 άτερ
427 3477 453 3535 οἱ
481 3474 515 3536 τὸ
544 3477 599 3558 πῦρ
626 3473 656 3537 ἐκ
681 3481 740 3536 τῶν
764 3482 872 3559 χειρῶν
897 3473 1153 3561 άτορριττοῦντες.
1177 3478 1253 3539 Post
1277 3475 1399 3538 Mehle·

326 3610 397 3650 rum
416 3586 444 3673 ¹)
469 3590 584 3651 iterum
608 3588 819 3653 Schwartzius
843 3592 963 3653 Mnem.
988 3592 1050 3653 vol.
1075 3609 1111 3672 13
1132 3614 1185 3674 pg.
1208 3609 1249 3674 92
1263 3592 1398 3653 eandem

326 3706 555 3767 correctionem
587 3706 755 3786 proposuit
785 3704 970 3791 ἀτορριττῶν
1001 3706 1149 3788 flagitans
1176 3727 1235 3788 pro
1258 3703 1397 3791 άτορριτ-

327 3816 459 3893 coinred
484 3819 575 3882 aliter
598 3819 842 3897 Herwerdenus,
865 3821 919 3900 qui
944 3820 1056 3882 maluit
1078 3824 1129 3881 καὶ
1151 3816 1296 3903 καθάπερ
1318 3821 1344 3881 οἱ
1362 3818 1396 3879 τὸ

326 4001 470 4012 -—,..

363 4111 384 4166 ¹)
412 4107 516 4163 Luciani
543 4106 644 4168 Dialogi
667 4112 786 4169 quattuor
808 4104 920 4172 (Timon,
945 4107 1132 4170 Philopseudes‚
1155 4109 1237 4156 Verae
1260 4106 1396 4163 Historiae,

326 4188 437 4246 Gallus)·,
455 4187 480 4233 iu
499 4203 569 4234 usum
589 4185 738 4234 Sclrolarum
756 4186 835 4233 edidit
853 4186 883 4234 E.
901 4186 1005 4235 Mchler.
1027 4186 1098 4236 1882.
