3456 5332
994 726 1037 807 96

525 919 560 983 C.
599 921 638 981 28
685 921 737 980 καί
769 919 832 1003 γαρ
867 918 887 980 οἳ
919 916 968 981 νῦν
999 918 1119 981 έποτνιῶ
1150 919 1218 1004 πρὸς
1253 918 1317 998 ἐμέ,
1343 922 1379 989 ῶς
1403 920 1470 990 τούς
1493 920 1550 999 μὲν

480 1035 535 1095 ὑῶν
572 1036 625 1094 καί
654 1036 846 1096 πλακούντων
875 1030 1124 1118 ἐμφορουμένους,
1160 1034 1241 1111 ὁμῶς
1276 1033 1307 1094 δὲ
1341 1032 1497 1118 κάρδαμον
1532 1032 1548 1107 ἦ

481 1145 581 1227 θύμον
605 1145 621 1223 i)
643 1152 796 1233 κρόμμυον
820 1147 1041 1232 ἐπιτρῶγοντας
1067 1147 1096 1210 ἐν
1120 1151 1157 1225 τῇ
1181 1147 1265 1232 ἑορτῇ
1290 1157 1358 1208 κτλ.
1390 1143 1468 1208 ‘Tan
1494 1145 1548 1225 ἑμ-

480 1258 643 1348 operata
677 1284 754 1324 num
789 1273 864 1345 apte
893 1263 953 1324 dici
984 1263 1093 1343 possit,
1126 1261 1218 1322 valde
1248 1260 1363 1322 dubito
1386 1269 1417 1322 et
1442 1259 1548 1320 malim

480 1380 616 1442 scribere
649 1381 739 1450 ὑείων,
770 1398 967 1460 quamquam
999 1378 1064 1439 scio
1094 1397 1190 1456 saepe
1221 1385 1326 1439 totum
1357 1395 1470 1456 aprum
1494 1395 1549 1456 ap-

481 1495 566 1574 poni.
597 1493 644 1557 cf.
675 1491 803 1556 Saturn.
837 1509 876 1553 22
908 1501 940 1554 et
968 1512 993 1553 cs
1021 1493 1061 1553 28
1086 1492 1116 1552 in
1141 1489 1220 1551 fine:
1245 1493 1342 1552 καίτοι
1365 1489 1423 1551 οὐδ’
1448 1489 1549 1559 αὐτοῖς

482 1606 595 1678 ἐκείνοις
624 1609 675 1684 ἡδύ
709 1607 787 1670 ἐστιν
817 1603 942 1690 [αὖτο]“.)
972 1601 1049 1666 καθ’
1080 1606 1196 1690 ἡμέραν
1219 1607 1272 1665 καί
1294 1605 1369 1689 πέρα
1393 1603 1445 1666 τοῦ
1467 1608 1549 1688 κόρου

481 1717 591 1784 ἐσθίειν
625 1724 747 1792 τούτων,
779 1717 850 1781 αλλ’
886 1720 953 1789 ἴδοις
988 1717 1026 1780 ν’ίν
1061 1718 1170 1788 αὐτοὺς
1205 1718 1280 1780 οὕτω
1316 1718 1463 1798 λαχοίνων
1498 1721 1551 1779 καί

482 1834 584 1915 θύμου
619 1837 812 1921 ὀρεγομένους
844 1834 945 1914 ἐνίοτε,
976 1838 1070 1918 ὥσπερ
1106 1833 1169 1897 οὐδὲ
1206 1834 1241 1894 τι)
1265 1839 1323 1896 τῶν
1346 1839 1476 1910 λαγωῶν
1499 1836 1550 1895 καί

481 1952 546 2014 ὑῶν.
589 1950 650 2012 'llic
687 1950 785 2011 verba
823 1953 881 2011 τῶν
912 1954 1043 2026 λαγωῶν
1077 1948 1173 2029 paulo
1206 1958 1373 2010 accuratus
1408 1948 1550 2009 conside-

389 2120 393 2126 .
480 2065 579 2127 randa
609 2075 693 2126 sunt.
724 2062 915 2125 Fritzschius
949 2061 989 2123 ad
1013 2061 1044 2144 Q
1079 2061 1161 2125 Hist.
1186 2061 1316 2125 Conscr.
1343 2060 1384 2140 56
1408 2061 1550 2122 Luciano

480 2178 640 2240 abiudicat
662 2177 797 2238 formam
816 2179 938 2253 λαγωός
961 2196 1019 2257 pro
1043 2177 1159 2253 λαγῶς,
1184 2185 1277 2253 recte,
1299 2176 1419 2256 opinor,
1447 2185 1479 2237 et
1507 2176 1549 2236 ibi

479 2293 607 2374 corrigit
638 2303 712 2374 post
743 2291 962 2352 Hermannum
987 2296 1118 2368 λαγῴοις
1149 2289 1246 2376 (idern
1277 2290 1417 2372 Sbtius);
1440 2301 1551 2353 contra

480 2427 541 2487 ego
583 2407 678 2467 credo
720 2425 792 2467 curn
835 2404 937 2489 ι’ρνέοις
980 2415 1012 2467 et
1052 2407 1134 2467 συσίν
1167 2404 1282 2489 οὶγρίοις
1317 2404 1428 2466 nrelius
1463 2425 1551 2465 com-

481 2520 556 2600 poni
591 2522 706 2596 λαγῴς.
741 2517 788 2581 Cf.
812 2518 927 2599 Navig.
956 2536 994 2597 23
1019 2521 1071 2580 καί
1095 2519 1156 2598 ίῴα
1182 2514 1386 2599 πανταχόθεν
1409 2521 1461 2580 καιΙ
1484 2521 1551 2589 σύες

480 2636 532 2693 καί
565 2633 656 2708 λαγῶ
687 2632 744 2716 (ita
777 2631 926 2712 Guyetus
958 2644 1042 2695 recte
1074 2653 1132 2714 pro
1156 2635 1273 2714 λαγῶς)
1296 2637 1348 2695 καί
1371 2636 1426 2694 ὅσα
1451 2635 1550 2710 πτανοί

480 2756 560 2820 κτλ.;
595 2745 695 2808 Conv.
729 2763 768 2806 22
801 2744 867 2824 ἐμοί
896 2744 959 2831 γαρ
992 2749 1008 2820 ἡ
1040 2747 1214 2826 εὐδαιμονία
1248 2750 1297 2810 οὐκ
1322 2747 1350 2810 ὲν
1375 2748 1421 2818 ὑὸς
1444 2745 1550 2834 ἀγρίου

481 2866 571 2946 μοίρᾳ
594 2860 610 2936 ἢ
634 2864 759 2939 λαγωοῦ
781 2859 797 2936 ’λ’
822 2863 1006 2930 πλακοῦντος
1029 2859 1135 2946 (λαγῶ
1158 2862 1356 2924 rescribatur.
1382 2862 1424 2926 Cf
1454 2864 1549 2924 etiarn

480 2976 560 3040 Cob.
585 2976 678 3038 V.L
713 2997 766 3058 pg.
797 2973 879 3058 179).

524 3091 645 3154 Nostro
679 3091 775 3172 igitur
809 3090 880 3153 loco
904 3112 967 3152 non
991 3092 1093 3172 magis
1117 3092 1185 3153 ferri
1210 3102 1316 3173 potest
1340 3098 1397 3154 τῶν
1421 3099 1550 3170 λαγωῶν

480 3206 531 3266 καί
556 3205 621 3278 xiiia
645 3205 753 3285 itaque
776 3204 970 3275 Dindorfins
995 3206 1152 3286 probante
1175 3205 1360 3285 Fritzschi0‚
1384 3206 1480 3268 edidit
1493 3213 1551 3267 τῶν

480 3321 611 3395 λαγῴων
651 3320 702 3378 καί
743 3314 799 3379 ὑῶν
841 3318 929 3399 quod
961 3329 1068 3381 tamen
1099 3339 1160 3400 ego
1192 3320 1349 3400 improbo,
1387 3340 1460 3380 nam
1495 3329 1550 3381 aut

480 3433 682 3495 scribendum
717 3443 774 3508 est,
811 3443 846 3494 ut
879 3435 941 3494 iam
976 3434 1092 3515 legitur
1125 3435 1155 3495 in
1191 3435 1240 3495 ed.
1276 3434 1458 3496 Reitz³anaz
1491 3440 1549 3495 τῶν

481 3547 588 3626 λαγῶν
621 3546 700 3633 (imo
734 3548 856 3629 λαγὼν)
889 3552 940 3608 καί
971 3549 1027 3609 ὑῶν
1058 3559 1114 3611 aut
1149 3554 1207 3610 τῶν
1241 3554 1371 3626 λαγῴων
1393 3552 1445 3610 καί
1469 3547 1549 3609 ὑείων

482 3673 517 3724 ut
540 3662 580 3744 Q
605 3662 678 3724 Hist
713 3661 826 3725 Conse.
852 3679 894 3727 20
918 3665 1062 3732 πολλάκις
1083 3659 1206 3747 ὀρνίθων
1226 3661 1550 3746 (meliusSchaeserus

481 3773 641 3862 ὀρνιθείων)
665 3779 718 3838 καὶ
739 3780 840 3838 συείων
862 3778 914 3837 καὶ
937 3782 1067 3855 λαγῴων
1092 3778 1285 3862 προκειμένων
1299 3777 1351 3859 (de
1370 3776 1431 3839 hoc
1451 3776 1549 3837 verbo

481 3893 519 3953 cs.
544 3892 706 3953 Herwerd.
731 3891 772 3953 ad
795 3889 878 3954 hunc
901 3888 1021 3976 locum)
1054 3892 1187 3973 Insuper
1207 3892 1328 3954 adnoto
1347 3901 1549 3967 rectetaycte

482 4006 612 4088 eiusque
646 4006 763 4067 formas
798 4006 860 4088 legi
894 4004 1005 4068 Somn.
1032 4023 1063 4086 9,
1088 4006 1193 4067 Paras.
1229 4018 1278 4084 51,
1303 4006 1342 4066 de
1366 4005 1473 4066 Domo
1498 4021 1549 4081 24,

482 4117 599 4183 Saturn
638 4120 676 4182 16
685 4141 692 4197 ;
716 4117 838 4182 Soloec.
868 4137 884 4199 3
910 4119 957 4180 bis
982 4118 1021 4180 de
1044 4119 1198 4181 industria
1220 4119 1361 4200 Lycinus
1385 4114 1549 4198 σολοικίζει.

527 4234 677 4298 Correcto
703 4234 854 4304 καπνῶδες
877 4253 935 4316 pro
959 4233 1199 4319 καπνωδέστερον
1223 4254 1249 4295 c.
1272 4235 1312 4294 28
1337 4233 1414 4309 init,
1437 4231 1551 4293 deinde

481 4371 508 4412 c.
546 4367 582 4430 31
620 4347 725 4412 ταῦτα
760 4349 838 4412 ἐστιν
867 4348 899 4411 ου’
922 4348 999 4410 ποίνυ
1024 4347 1154 4428 χαλεποὶ
1178 4350 1249 4428 ὑμῖν
1272 4345 1330 4410 ἀπὸ
1360 4347 1549 4410 τοσούτωνοί

481 4469 582 4535 καλῶς
606 4466 752 4535 ποιοῦντες
775 4467 877 4544 ἔχετε,
903 4483 965 4524 non
989 4462 1130 4546 intelligo
1158 4464 1255 4526 verba
1275 4467 1375 4532 καλῶς
1395 4465 1550 4532 ποιοῦντες.
