<?xml version="1.0" encoding="UTF-8"?>
<!DOCTYPE html PUBLIC "-//W3C//DTD XHTML 1.0 Transitional//EN"
    "http://www.w3.org/TR/xhtml1/DTD/xhtml1-transitional.dtd">
<html xmlns="http://www.w3.org/1999/xhtml" xml:lang="en" lang="en">
 <head>
  <title>
</title>
<meta http-equiv="Content-Type" content="text/html;charset=utf-8" />
  <meta name='ocr-system' content='tesseract 3.04.00' />
  <meta name='ocr-capabilities' content='ocr_page ocr_carea ocr_par ocr_line ocrx_word'/>
</head>
<body>
  <div class='ocr_page' id='page_1' title='image "./exercitationesc00jonggoog_0110.png"; bbox 0 0 3456 5332; ppageno 0'>
   <div class='ocr_carea' id='block_1_1' title="bbox 679 1090 1046 1196">
    <p class='ocr_par' dir='ltr' id='par_1_1' title="bbox 679 1090 1046 1196">
     <span class='ocr_line' id='line_1_1' title="bbox 679 1090 1046 1196; baseline 0.011 -4"><span class='ocrx_word' id='word_1_1' title='bbox 679 1090 1046 1196; x_wconf 83' lang='lat' dir='ltr'>THESES.</span> 
     </span>
    </p>
   </div>
   <div class='ocr_carea' id='block_1_2' title="bbox 765 1284 957 1294">
    <p class='ocr_par' dir='ltr' id='par_1_2' title="bbox 765 1284 957 1294">
     <span class='ocr_line' id='line_1_2' title="bbox 765 1284 957 1294; baseline -0.01 0"><span class='ocrx_word' id='word_1_2' title='bbox 765 1284 957 1294; x_wconf 77' lang='lat'>-.--—-—-=</span> 
     </span>
    </p>
   </div>
   <div class='ocr_carea' id='block_1_3' title="bbox 850 1414 873 1475">
    <p class='ocr_par' dir='ltr' id='par_1_3' title="bbox 850 1414 873 1475">
     <span class='ocr_line' id='line_1_3' title="bbox 850 1414 873 1475; baseline 0.043 -1"><span class='ocrx_word' id='word_1_3' title='bbox 850 1414 873 1475; x_wconf 89' lang='lat' dir='ltr'><strong>I.</strong></span> 
     </span>
    </p>
   </div>
   <div class='ocr_carea' id='block_1_4' title="bbox 327 1561 1394 1740">
    <p class='ocr_par' dir='ltr' id='par_1_4' title="bbox 327 1561 1394 1740">
     <span class='ocr_line' id='line_1_4' title="bbox 370 1561 1394 1647; baseline 0.003 -24"><span class='ocrx_word' id='word_1_4' title='bbox 370 1561 466 1625; x_wconf 91' lang='lat' dir='ltr'>Liber</span> <span class='ocrx_word' id='word_1_5' title='bbox 484 1577 532 1627; x_wconf 72' lang='lat' dir='ltr'>DE</span> <span class='ocrx_word' id='word_1_6' title='bbox 555 1564 732 1629; x_wconf 84' lang='lat' dir='ltr'><strong>PARASITO</strong></span> <span class='ocrx_word' id='word_1_7' title='bbox 756 1585 821 1627; x_wconf 93' lang='lat' dir='ltr'>non</span> <span class='ocrx_word' id='word_1_8' title='bbox 843 1564 885 1628; x_wconf 84' lang='lat' dir='ltr'>ab</span> <span class='ocrx_word' id='word_1_9' title='bbox 905 1565 975 1647; x_wconf 91' lang='lat' dir='ltr'>ipso</span> <span class='ocrx_word' id='word_1_10' title='bbox 995 1564 1138 1627; x_wconf 87' lang='lat' dir='ltr'>Luciano</span> <span class='ocrx_word' id='word_1_11' title='bbox 1150 1563 1310 1647; x_wconf 83' lang='lat' dir='ltr'>profectus</span> <span class='ocrx_word' id='word_1_12' title='bbox 1325 1584 1394 1627; x_wconf 89' lang='lat' dir='ltr'>esse</span> 
     </span>
     <span class='ocr_line' id='line_1_5' title="bbox 327 1676 462 1740; baseline 0 0"><span class='ocrx_word' id='word_1_13' title='bbox 327 1676 462 1740; x_wconf 88' lang='lat' dir='ltr'><strong>videtur.</strong></span> 
     </span>
    </p>
   </div>
   <div class='ocr_carea' id='block_1_5' title="bbox 841 1843 878 1904">
    <p class='ocr_par' dir='ltr' id='par_1_5' title="bbox 841 1843 878 1904">
     <span class='ocr_line' id='line_1_6' title="bbox 841 1843 878 1904; baseline 0.027 -1"><span class='ocrx_word' id='word_1_14' title='bbox 841 1843 878 1904; x_wconf 93' lang='grc' dir='ltr'>ΙΙ.</span> 
     </span>
    </p>
   </div>
   <div class='ocr_carea' id='block_1_6' title="bbox 326 1993 1394 2302">
    <p class='ocr_par' dir='ltr' id='par_1_6' title="bbox 326 1993 1394 2302">
     <span class='ocr_line' id='line_1_7' title="bbox 370 1993 1394 2077; baseline -0.001 -20"><span class='ocrx_word' id='word_1_15' title='bbox 370 1993 455 2057; x_wconf 82' lang='lat' dir='ltr'>Male</span> <span class='ocrx_word' id='word_1_16' title='bbox 475 1993 572 2077; x_wconf 83' lang='lat' dir='ltr'>vulgo</span> <span class='ocrx_word' id='word_1_17' title='bbox 585 1994 736 2057; x_wconf 81' lang='lat' dir='ltr'><strong>statuitur</strong></span> <span class='ocrx_word' id='word_1_18' title='bbox 748 1994 936 2071; x_wconf 85' lang='lat' dir='ltr'>Lucianum,</span> <span class='ocrx_word' id='word_1_19' title='bbox 950 2014 1089 2072; x_wconf 85' lang='lat' dir='ltr'>munere,</span> <span class='ocrx_word' id='word_1_20' title='bbox 1114 2014 1178 2075; x_wconf 90' lang='lat' dir='ltr'>quo</span> <span class='ocrx_word' id='word_1_21' title='bbox 1191 1994 1221 2055; x_wconf 92' lang='lat' dir='ltr'>in</span> <span class='ocrx_word' id='word_1_22' title='bbox 1235 1995 1394 2075; x_wconf 87' lang='lat' dir='ltr'><strong>Aegypto</strong></span> 
     </span>
     <span class='ocr_line' id='line_1_8' title="bbox 327 2106 1394 2190; baseline -0.001 -21"><span class='ocrx_word' id='word_1_23' title='bbox 327 2106 527 2189; x_wconf 78' lang='lat' dir='ltr'>fungebatur,</span> <span class='ocrx_word' id='word_1_24' title='bbox 559 2108 720 2190; x_wconf 88' lang='lat' dir='ltr'><strong>adempt0‚</strong></span> <span class='ocrx_word' id='word_1_25' title='bbox 750 2108 865 2170; x_wconf 88' lang='lat' dir='ltr'><strong>iterum</strong></span> <span class='ocrx_word' id='word_1_26' title='bbox 889 2107 930 2168; x_wconf 87' lang='lat' dir='ltr'>ad</span> <span class='ocrx_word' id='word_1_27' title='bbox 953 2106 1124 2170; x_wconf 80' lang='lat' dir='ltr'><strong>rhetorIcas</strong></span> <span class='ocrx_word' id='word_1_28' title='bbox 1147 2106 1394 2169; x_wconf 85' lang='lat' dir='ltr'><strong>declamationes</strong></span> 
     </span>
     <span class='ocr_line' id='line_1_9' title="bbox 326 2220 1040 2302; baseline -0.003 -19"><span class='ocrx_word' id='word_1_29' title='bbox 326 2220 525 2284; x_wconf 88' lang='lat' dir='ltr'>descendisse</span> <span class='ocrx_word' id='word_1_30' title='bbox 547 2230 580 2284; x_wconf 91' lang='lat' dir='ltr'>et</span> <span class='ocrx_word' id='word_1_31' title='bbox 603 2240 712 2283; x_wconf 85' lang='lat' dir='ltr'>senem</span> <span class='ocrx_word' id='word_1_32' title='bbox 735 2230 833 2283; x_wconf 86' lang='lat' dir='ltr'>terras</span> <span class='ocrx_word' id='word_1_33' title='bbox 853 2239 1040 2302; x_wconf 83' lang='lat' dir='ltr'>pererrasse.</span> 
     </span>
    </p>
   </div>
   <div class='ocr_carea' id='block_1_7' title="bbox 834 2422 886 2484">
    <p class='ocr_par' dir='ltr' id='par_1_7' title="bbox 834 2422 886 2484">
     <span class='ocr_line' id='line_1_10' title="bbox 834 2422 886 2484; baseline 0.019 -1"><span class='ocrx_word' id='word_1_34' title='bbox 834 2422 886 2484; x_wconf 91' lang='lat' dir='ltr'><strong>III.</strong></span> 
     </span>
    </p>
   </div>
   <div class='ocr_carea' id='block_1_8' title="bbox 326 2571 1393 2771">
    <p class='ocr_par' dir='ltr' id='par_1_8' title="bbox 326 2571 1393 2771">
     <span class='ocr_line' id='line_1_11' title="bbox 369 2571 1393 2655; baseline -0.001 -19"><span class='ocrx_word' id='word_1_35' title='bbox 369 2573 528 2636; x_wconf 85' lang='lat' dir='ltr'><strong>TOXARIS</strong></span> <span class='ocrx_word' id='word_1_36' title='bbox 546 2588 572 2636; x_wconf 74' lang='lat' dir='ltr'>S.</span> <span class='ocrx_word' id='word_1_37' title='bbox 597 2574 769 2636; x_wconf 79' lang='lat' dir='ltr'><strong>AMICITIA</strong></span> <span class='ocrx_word' id='word_1_38' title='bbox 789 2594 808 2635; x_wconf 84' lang='lat' dir='ltr'>a</span> <span class='ocrx_word' id='word_1_39' title='bbox 832 2572 988 2636; x_wconf 82' lang='lat' dir='ltr'>nonnullis</span> <span class='ocrx_word' id='word_1_40' title='bbox 1012 2572 1084 2634; x_wconf 91' lang='lat' dir='ltr'>viris</span> <span class='ocrx_word' id='word_1_41' title='bbox 1108 2571 1210 2635; x_wconf 90' lang='lat' dir='ltr'>doctis</span> <span class='ocrx_word' id='word_1_42' title='bbox 1224 2572 1393 2655; x_wconf 83' lang='lat' dir='ltr'>(Bekker0‚</span> 
     </span>
     <span class='ocr_line' id='line_1_12' title="bbox 326 2683 1182 2771; baseline -0.002 -22"><span class='ocrx_word' id='word_1_43' title='bbox 326 2684 427 2764; x_wconf 78' lang='lat' dir='ltr'>Shno,</span> <span class='ocrx_word' id='word_1_44' title='bbox 453 2683 642 2771; x_wconf 87' lang='lat' dir='ltr'>Fritzschio)</span> <span class='ocrx_word' id='word_1_45' title='bbox 667 2697 786 2750; x_wconf 87' lang='lat' dir='ltr'><strong>temere</strong></span> <span class='ocrx_word' id='word_1_46' title='bbox 810 2687 952 2750; x_wconf 89' lang='lat' dir='ltr'>Luciano</span> <span class='ocrx_word' id='word_1_47' title='bbox 976 2686 1182 2749; x_wconf 84' lang='lat' dir='ltr'><strong>abiudicatur.</strong></span> 
     </span>
    </p>
   </div>
   <div class='ocr_carea' id='block_1_9' title="bbox 370 2890 899 3124">
    <p class='ocr_par' dir='ltr' id='par_1_9' title="bbox 370 2890 899 3124">
     <span class='ocr_line' id='line_1_13' title="bbox 829 2890 885 2952; baseline 0.036 -2"><span class='ocrx_word' id='word_1_48' title='bbox 829 2890 885 2952; x_wconf 91' lang='lat' dir='ltr'><strong>IV.</strong></span> 
     </span>
     <span class='ocr_line' id='line_1_14' title="bbox 370 3040 899 3124; baseline -0.004 -19"><span class='ocrx_word' id='word_1_49' title='bbox 370 3042 467 3105; x_wconf 89' lang='lat' dir='ltr'><strong>Hom.</strong></span> <span class='ocrx_word' id='word_1_50' title='bbox 491 3041 576 3105; x_wconf 90' lang='lat' dir='ltr'><strong>Iliad.</strong></span> <span class='ocrx_word' id='word_1_51' title='bbox 600 3040 718 3118; x_wconf 84' lang='lat' dir='ltr'><strong>XVIII,</strong></span> <span class='ocrx_word' id='word_1_52' title='bbox 743 3059 809 3120; x_wconf 93' lang='lat'>410</span> <span class='ocrx_word' id='word_1_53' title='bbox 831 3062 899 3124; x_wconf 91' lang='lat' dir='ltr'>sq.:</span> 
     </span>
    </p>
   </div>
   <div class='ocr_carea' id='block_1_10' title="bbox 369 3151 1324 3675">
    <p class='ocr_par' dir='ltr' id='par_1_10' title="bbox 369 3151 1324 3675">
     <span class='ocr_line' id='line_1_15' title="bbox 434 3151 1302 3239; baseline 0 -22"><span class='ocrx_word' id='word_1_54' title='bbox 434 3151 460 3232; x_wconf 72' lang='grc' dir='ltr'>ἧ,</span> <span class='ocrx_word' id='word_1_55' title='bbox 485 3157 536 3217; x_wconf 81' lang='grc' dir='ltr'><em>κοιὶ</em></span> <span class='ocrx_word' id='word_1_56' title='bbox 553 3153 607 3216; x_wconf 77' lang='grc' dir='ltr'>ἀπ’</span> <span class='ocrx_word' id='word_1_57' title='bbox 633 3151 819 3232; x_wconf 64' lang='grc' dir='ltr'><em>ιἰκμοθέτοιο</em></span> <span class='ocrx_word' id='word_1_58' title='bbox 843 3156 966 3239; x_wconf 81' lang='grc' dir='ltr'><em>πέλωρ</em></span> <span class='ocrx_word' id='word_1_59' title='bbox 990 3157 1132 3230; x_wconf 74' lang='grc' dir='ltr'><em>οιῖκτον</em></span> <span class='ocrx_word' id='word_1_60' title='bbox 1155 3151 1302 3231; x_wconf 74' lang='grc' dir='ltr'><em>ιἰνέοτκ</em></span> 
     </span>
     <span class='ocr_line' id='line_1_16' title="bbox 434 3266 1122 3355; baseline -0.001 -24"><span class='ocrx_word' id='word_1_61' title='bbox 434 3270 585 3349; x_wconf 71' lang='grc' dir='ltr'><em>χωλεύων·</em></span> <span class='ocrx_word' id='word_1_62' title='bbox 611 3268 664 3332; x_wconf 76' lang='grc' dir='ltr'>ὑπὸ</span> <span class='ocrx_word' id='word_1_63' title='bbox 688 3268 719 3330; x_wconf 74' lang='grc' dir='ltr'>δέ</span> <span class='ocrx_word' id='word_1_64' title='bbox 743 3273 856 3348; x_wconf 69' lang='grc' dir='ltr'><em>κνῆμοιι</em></span> <span class='ocrx_word' id='word_1_65' title='bbox 878 3271 984 3355; x_wconf 73' lang='grc' dir='ltr'><em>ρ’ώοντο</em></span> <span class='ocrx_word' id='word_1_66' title='bbox 1007 3266 1122 3354; x_wconf 69' lang='grc' dir='ltr'><em>κροιιοιί.</em></span> 
     </span>
     <span class='ocr_line' id='line_1_17' title="bbox 369 3382 712 3465; baseline 0 -20"><span class='ocrx_word' id='word_1_67' title='bbox 369 3382 557 3465; x_wconf 82' lang='lat' dir='ltr'>Legendum</span> <span class='ocrx_word' id='word_1_68' title='bbox 581 3402 712 3446; x_wconf 90' lang='lat' dir='ltr'>censeo:</span> 
     </span>
     <span class='ocr_line' id='line_1_18' title="bbox 390 3492 1324 3582; baseline -0.002 -23"><span class='ocrx_word' id='word_1_69' title='bbox 390 3493 416 3574; x_wconf 69' lang='grc' dir='ltr'>ἦ,</span> <span class='ocrx_word' id='word_1_70' title='bbox 438 3502 489 3560; x_wconf 79' lang='grc' dir='ltr'>κοιί</span> <span class='ocrx_word' id='word_1_71' title='bbox 512 3496 566 3560; x_wconf 74' lang='grc' dir='ltr'>ἀπ’</span> <span class='ocrx_word' id='word_1_72' title='bbox 591 3493 777 3576; x_wconf 68' lang='grc' dir='ltr'><em>ἀκμοθέτοιο</em></span> <span class='ocrx_word' id='word_1_73' title='bbox 801 3498 986 3582; x_wconf 74' lang='grc' dir='ltr'>πελώριον</span> <span class='ocrx_word' id='word_1_74' title='bbox 1013 3497 1145 3575; x_wconf 70' lang='grc' dir='ltr'><em>ὄὶκμον’</em></span> <span class='ocrx_word' id='word_1_75' title='bbox 1171 3492 1324 3572; x_wconf 62' lang='grc' dir='ltr'><em>έθηκεν.</em></span> 
     </span>
     <span class='ocr_line' id='line_1_19' title="bbox 369 3610 1174 3675; baseline 0.001 -2"><span class='ocrx_word' id='word_1_76' title='bbox 369 3611 462 3675; x_wconf 84' lang='lat' dir='ltr'><strong>Alter</strong></span> <span class='ocrx_word' id='word_1_77' title='bbox 485 3631 595 3673; x_wconf 89' lang='lat' dir='ltr'>versus</span> <span class='ocrx_word' id='word_1_78' title='bbox 619 3610 752 3674; x_wconf 71' lang='lat' dir='ltr'>sortasse</span> <span class='ocrx_word' id='word_1_79' title='bbox 776 3631 793 3674; x_wconf 90' lang='lat' dir='ltr'><strong>e</strong></span> <span class='ocrx_word' id='word_1_80' title='bbox 817 3620 909 3674; x_wconf 86' lang='lat' dir='ltr'><strong>textu</strong></span> <span class='ocrx_word' id='word_1_81' title='bbox 935 3610 1093 3673; x_wconf 88' lang='lat' dir='ltr'>eiciendus</span> <span class='ocrx_word' id='word_1_82' title='bbox 1116 3619 1174 3674; x_wconf 88' lang='lat' dir='ltr'>est.</span> 
     </span>
    </p>
   </div>
   <div class='ocr_carea' id='block_1_11' title="bbox 369 3814 876 4021">
    <p class='ocr_par' dir='ltr' id='par_1_11' title="bbox 369 3814 876 4021">
     <span class='ocr_line' id='line_1_20' title="bbox 835 3814 876 3877; baseline -0.024 0"><span class='ocrx_word' id='word_1_83' title='bbox 835 3814 876 3877; x_wconf 89' lang='lat' dir='ltr'>V.</span> 
     </span>
     <span class='ocr_line' id='line_1_21' title="bbox 369 3938 663 4021; baseline -0.003 -20"><span class='ocrx_word' id='word_1_84' title='bbox 369 3939 468 4001; x_wconf 85' lang='lat' dir='ltr'>Arist.</span> <span class='ocrx_word' id='word_1_85' title='bbox 494 3939 554 4021; x_wconf 84' lang='lat' dir='ltr'>Eq.</span> <span class='ocrx_word' id='word_1_86' title='bbox 585 3938 663 4018; x_wconf 84' lang='lat'><strong>526:</strong></span> 
     </span>
    </p>
   </div>
   <div class='ocr_carea' id='block_1_12' title="bbox 411 4052 1392 4143">
    <p class='ocr_par' dir='ltr' id='par_1_12' title="bbox 411 4052 1392 4143">
     <span class='ocr_line' id='line_1_22' title="bbox 411 4052 1392 4143; baseline 0.004 -27"><span class='ocrx_word' id='word_1_87' title='bbox 411 4053 478 4116; x_wconf 78' lang='grc' dir='ltr'><em>εἶτοι</em></span> <span class='ocrx_word' id='word_1_88' title='bbox 501 4052 654 4139; x_wconf 82' lang='grc' dir='ltr'><em>Κροιτίνοιι</em></span> <span class='ocrx_word' id='word_1_89' title='bbox 663 4058 865 4135; x_wconf 65' lang='grc' dir='ltr'><em>μεμνημένος,</em></span> <span class='ocrx_word' id='word_1_90' title='bbox 878 4055 906 4126; x_wconf 80' lang='grc' dir='ltr'>ὂς</span> <span class='ocrx_word' id='word_1_91' title='bbox 920 4061 1019 4135; x_wconf 76' lang='grc' dir='ltr'><em>πολλῷ</em></span> <span class='ocrx_word' id='word_1_92' title='bbox 1038 4060 1056 4143; x_wconf 82' lang='grc' dir='ltr'><em>ρ</em></span> <span class='ocrx_word' id='word_1_93' title='bbox 1065 4060 1183 4128; x_wconf 64' lang='lat' dir='ltr'>enm</span> <span class='ocrx_word' id='word_1_94' title='bbox 1204 4058 1269 4120; x_wconf 84' lang='grc' dir='ltr'><em>τοτ’</em></span> <span class='ocrx_word' id='word_1_95' title='bbox 1285 4055 1392 4136; x_wconf 82' lang='grc' dir='ltr'><em>ἑτοιίνῳ</em></span> 
     </span>
    </p>
   </div>
   <div class='ocr_carea' id='block_1_13' title="bbox 366 4165 1014 4367">
    <p class='ocr_par' dir='ltr' id='par_1_13' title="bbox 366 4165 1014 4367">
     <span class='ocr_line' id='line_1_23' title="bbox 410 4165 1014 4255; baseline 0.003 -25"><span class='ocrx_word' id='word_1_96' title='bbox 410 4167 459 4230; x_wconf 68' lang='lat' dir='ltr'><strong>IIII</strong></span> <span class='ocrx_word' id='word_1_97' title='bbox 484 4173 540 4231; x_wconf 80' lang='grc' dir='ltr'>τῶν</span> <span class='ocrx_word' id='word_1_98' title='bbox 565 4165 689 4248; x_wconf 73' lang='grc' dir='ltr'><em>ἀφελῶν</em></span> <span class='ocrx_word' id='word_1_99' title='bbox 712 4170 814 4231; x_wconf 74' lang='grc' dir='ltr'><em>πεδίων</em></span> <span class='ocrx_word' id='word_1_100' title='bbox 839 4172 921 4255; x_wconf 84' lang='grc' dir='ltr'><em>έρρει,</em></span> <span class='ocrx_word' id='word_1_101' title='bbox 946 4180 1014 4232; x_wconf 87' lang='grc' dir='ltr'><em>κτλ.</em></span> 
     </span>
     <span class='ocr_line' id='line_1_24' title="bbox 366 4281 611 4367; baseline 0.004 -24"><span class='ocrx_word' id='word_1_102' title='bbox 366 4283 470 4364; x_wconf 81' lang='lat' dir='ltr'>Lege:</span> <span class='ocrx_word' id='word_1_103' title='bbox 495 4281 611 4367; x_wconf 72' lang='grc' dir='ltr'><em>βρίσας.</em></span> 
     </span>
    </p>
   </div>
   <div class='ocr_carea' id='block_1_14' title="bbox 0 0 1732 5332">
    <p class='ocr_par' dir='ltr' id='par_1_14' title="bbox 0 0 1732 5332">
     <span class='ocr_line' id='line_1_25' title="bbox 0 0 1732 5332; baseline 0 1"><span class='ocrx_word' id='word_1_104' title='bbox 0 0 1732 5332; x_wconf 95' lang='lat' dir='ltr'> </span> 
     </span>
    </p>
   </div>
  </div>
 </body>
</html>
