3456 5332
843 459 884 526 97

330 631 503 716 Quomodo
525 632 609 694 enim
632 602 790 696 Saturnus
813 634 916 696 dicere
935 644 1059 716 potest:
1085 646 1169 698 recte
1192 635 1291 698 facitis
1311 636 1399 716 quod

329 758 435 809 tantas
469 746 595 810 habetis
625 747 770 810 divitias?
801 748 870 808 Imo
904 748 989 810 bona
1024 748 1149 811 fortuna
1184 757 1326 823 utuntur,
1364 758 1399 810 ut

328 861 400 923 iude
434 871 578 943 apparet,
609 862 697 943 quod
720 872 787 924 tam
811 863 924 924 divites
947 873 1032 925 sunt.
1058 863 1208 925 Fortasse
1230 882 1398 944 perperam

327 994 547 1056 synonymum
578 995 635 1056 pro
667 995 851 1055 synonymo
883 977 1036 1058 scriptum
1064 986 1122 1053 est,
1148 986 1183 1038 ut
1205 995 1316 1038 verum
1340 976 1398 1036 sit:

329 1087 350 1150 οἳ
373 1094 475 1160 καλῶς
498 1089 683 1175 σροέττοντες
707 1093 809 1169 ἔχετε.

373 1203 575 1268 Couvruun
599 1219 676 1268 swa
699 1206 893 1268 anmunn.

373 1317 408 1381 C.
449 1333 496 1398 17.
533 1322 546 1380 ὁ
580 1318 612 1380 δέ
647 1317 787 1390 Ἱστιαῖος
815 1322 830 1381 o‘
857 1320 1078 1404 γραμματικὸς
1109 1319 1269 1406 ἐρραψῴδει
1299 1322 1399 1391 ὕπτιος

328 1429 401 1516 (pro
436 1434 560 1518 ὕστεροςΙ
585 1435 706 1515 optime
736 1433 970 1517 Rothsteinius)
1001 1440 1220 1515 κατακείμενος
1242 1440 1293 1498 καιΙ
1316 1438 1398 1498 συνέ-

328 1546 418 1632 Φερεν
443 1546 470 1617 ές
494 1548 591 1611 ταύτὸ
614 1548 656 1612 τοὶ
680 1547 831 1634 Πινόοἱρου
853 1553 905 1612 καὶ
928 1548 1070 1613 Ἡσιόδου
1093 1553 1147 1612 καί
1169 1550 1398 1636 Ἀνακρέοντος.

328 1659 566 1725 Commiscebat
596 1673 628 1726 et
658 1663 902 1745 conglutinabat
932 1665 1029 1727 trium
1055 1675 1224 1747 poetarum
1248 1667 1397 1747 carmina,

327 1777 415 1857 quod
431 1776 609 1872 'Lucienus
645 1799 709 1840 non
740 1799 796 1860 per
828 1777 986 1864 συνέφερεν
1009 1780 1064 1841 sed
1089 1781 1198 1861 procul
1220 1781 1318 1843 dubio
1342 1801 1399 1863 per

328 1889 489 1977 συνέφυρεν
512 1893 678 1975 expressit.

373 2007 408 2071 C.
436 2025 486 2087 33.
510 2006 666 2070 ἀπέλαυσε
689 2007 720 2069 δέ
743 2010 796 2070 και
817 2011 832 2070 o‘
856 2007 926 2070 'lor
949 2013 1002 2085 τῆς
1024 2012 1227 2086 γειτονήσεως,
1251 2009 1300 2071 οὐκ
1321 2007 1397 2071 ἀνοί-

328 2122 389 2199 ξιος
420 2126 468 2184 ὢν.
491 2121 600 2184 Verba
623 2133 786 2203 postrema
811 2143 873 2184 see.
897 2122 1107 2184 Fritzschium
1131 2122 1171 2204 Q.
1196 2122 1233 2184 L.
1257 2143 1312 2204 pg.
1334 2124 1396 2184 208

327 2235 437 2316 procul
468 2235 565 2297 dubio
596 2236 716 2297 sincera
747 2246 822 2298 sunt
846 2245 880 2297 ut
903 2246 957 2314 „et
982 2237 1058 2298 lone
1081 2236 1186 2317 digna,
1211 2235 1397 2317 perridiculo

327 2349 465 2428 homine,
490 2361 525 2413 ut
548 2371 591 2413 ex
610 2351 656 2418 iis.
679 2371 763 2432 quae
784 2349 920 2432 posthac
940 2350 1038 2413 relata
1051 2350 1196 2431 legimus,
1208 2348 1397 2411 concludere

327 2464 399 2528 licet
422 2474 455 2528 et
478 2465 594 2546 alioqui
617 2463 710 2546 plane
734 2460 914 2524 Lucianea''
940 2474 972 2526 et
995 2463 1117 2525 confert
1136 2463 1177 2524 D.
1190 2464 1277 2525 Mort
1289 2463 1354 2523 XX
1365 2481 1396 2541 4,

327 2580 367 2641 de
401 2578 530 2644 Conscr.
565 2578 647 2641 Hist.
682 2577 733 2654 26,
764 2577 804 2639 de
836 2579 942 2640 Morte
973 2578 1040 2639 Per.
1066 2594 1118 2658 21,
1142 2577 1260 2639 Abdic.
1285 2577 1305 2637 6
1329 2574 1398 2661 (ubi

328 2694 408 2759 Cob.
446 2696 485 2757 V.
521 2684 558 2756 L
595 2715 648 2775 pg.
681 2706 740 2772 251
779 2690 941 2777 (αν)αξίαν
964 2689 1079 2777 οὖσαν),
1103 2693 1133 2754 D
1167 2693 1294 2754 Meretr.
1319 2691 1397 2754 XIV

327 2828 358 2888 4.
394 2806 442 2871 Sit
477 2806 538 2870 hoc
572 2828 694 2884 verum,
729 2808 838 2869 Ionem
871 2829 940 2869 esse
969 2807 1132 2870 hominem
1164 2805 1396 2888 perridiculum,

328 2923 415 3003 quod
450 2932 559 2984 tamen
593 2921 726 2983 lectores
761 2921 903 2983 nondum
940 2923 1042 2984 sciunt
1073 2920 1161 3006 (uam
1194 2919 1269 2982 nihil
1292 2918 1397 2982 adhuc

329 3035 400 3097 lecit
436 3035 519 3097 unde
553 3034 616 3096 hoc
638 3035 760 3096 efficere
783 3032 970 3118 potuerint),
994 3035 1083 3116 lepor
1098 3034 1197 3096 'huius
1221 3034 1280 3096 loci
1304 3035 1397 3116 plane

327 3151 418 3231 perit,
443 3151 468 3211 si
492 3149 606 3212 dicitur
627 3150 742 3230 dignus
766 3170 844 3226 esse,
868 3151 923 3231 qui
946 3149 1006 3211 hac
1025 3151 1138 3212 vicinia
1158 3149 1311 3212 frueretur
1323 3149 1355 3235 (i.
1369 3171 1395 3214 e.

327 3258 399 3343 qui'
417 3263 490 3324 vino
521 3259 775 3349 aspergeretur);
800 3265 864 3325 imo
886 3265 1055 3326 dicendum
1079 3274 1157 3338 erat,
1182 3263 1244 3326 hoc
1267 3266 1294 3326 ei
1318 3266 1397 3327 acci-

327 3376 410 3438 disse
443 3397 571 3457 prorsus
607 3377 738 3438 innoxio
770 3377 864 3459 (οὺόέν
896 3380 990 3447 αἴτιος
1020 3377 1082 3463 ὢν),
1107 3388 1142 3439 ut
1164 3377 1263 3439 homo
1287 3378 1336 3440 ille
1357 3379 1398 3440 de

328 3487 495 3552 Calumnia
521 3507 556 3569 3:
582 3487 779 3570 σἰιτετέτμκτο
800 3490 837 3552 ὀὲν
857 3491 1060 3570 τὴνκεφαλὴν
1072 3494 1125 3553 καὶ
1136 3493 1399 3576 παρασελελαύκει

329 3608 387 3666 τῶν
412 3603 441 3667 έν
465 3604 551 3691 Τύρῳ
574 3603 673 3668 κακῶν
698 3605 779 3668 οὐδέν
803 3606 893 3677 αὐτὸς
917 3611 1010 3678 αἴτιος
1033 3611 1177 3686 γεγονώς,
1198 3628 1281 3690 quae
1299 3611 1397 3670 verba

328 3738 401 3780 cum
433 3720 548 3781 nostris
576 3718 662 3782 haud
693 3741 807 3801 parum
839 3723 1042 3784 conveniunt.
1066 3723 1116 3784 De
1139 3722 1322 3784 confusione
1345 3727 1399 3785 τοῦ

329 3833 422 3901 αἴτιος
445 3842 477 3894 et
500 3833 584 3911 ἄξιος
607 3833 644 3897 cf.
671 3833 740 3897 Cob
774 3835 814 3899 V.
839 3836 876 3896 L.
902 3857 956 3917 pg.
982 3838 1033 3900 80.

373 3947 539 4009 Praeterea
584 3946 689 4009 habeo
731 3950 890 4030 quaedam
931 3951 1065 4011 leviora:
1108 3972 1134 4012 c.
1175 3967 1195 4030 9
1230 3948 1278 4011 ὑπ’
1314 3948 1397 4029 αὐτῷ

330 4058 528 4138 Ζήνωνι-ὑπ’
553 4061 645 4124 αὐτόν
667 4084 777 4125 verum
802 4064 952 4141 arbitror3
977 4066 1137 4146 praecedit
1160 4065 1207 4127 ὑπε
1223 4065 1327 4127 ἐκεῖνον
1340 4087 1397 4128 nee

330 4196 393 4239 non
417 4197 482 4238 acc.
507 4178 622 4257 legitur
643 4198 670 4240 c.
694 4195 735 4257 43
762 4179 824 4239 ὁδ’
851 4180 898 4240 ὑπ’
923 4179 1024 4241 αὐτόν.
