3120 5160
753 425 797 488 94

246 614 283 658 10
318 617 375 677 pro
408 598 536 676 ἔπεμψα
568 599 646 659 nitho
676 597 795 679 βιβλίον
827 597 995 685 ἑγγροίψας
1019 636 1060 644 —-
1084 603 1170 678 ἄλλῳ
1202 601 1323 683 βιβλίῳ

242 708 421 795 ἐγγράψας.
454 711 598 772 Dubium
634 711 767 774 fortasse
799 723 847 775 cst
878 733 904 775 e.
942 731 980 792 14
1011 718 1048 792 τῇ
1070 714 1102 776 δὲ
1122 713 1322 801 τροίτεραία)

240 828 294 900 τῆς
324 824 434 909 ἑορτῆς,
466 824 581 886 certius
613 835 732 907 tamen,
756 827 843 908 quod
867 848 893 890 c.
926 840 959 907 15
981 831 1008 890 oi
1029 829 1054 889 δ’
1079 826 1323 912 οίποκοριιζοντες

240 940 508 1023 praepositionem
549 939 610 1003 ἀπό
643 941 744 1005 deleo,
781 942 827 1007 Cf.
863 943 903 1004 de
938 945 1035 1008 Merc.
1071 944 1171 1008 Cond.
1208 947 1321 1032 (cuius

240 1053 308 1115 libri
334 1065 560 1136 argumentum
583 1075 657 1118 curn
681 1066 792 1120 nostro
815 1057 992 1119 admodum
1016 1056 1191 1143 conspirat)
1218 1080 1245 1123 c.
1273 1074 1319 1140 37

241 1164 336 1230 ἕωθεν
359 1168 390 1231 δὲ
413 1169 606 1254 τρισκαίδεκα
630 1173 727 1247 ἥκουσι
750 1168 936 1252 κομίζοντες.

285 1282 320 1346 C.
357 1298 405 1362 17.
435 1281 561 1362 ἀξίωμα
593 1283 609 1360 i}
640 1295 727 1362 γένος
757 1283 773 1360 i}
805 1281 930 1354 πλοῦτος
953 1285 1057 1363 ὀλίγον
1079 1289 1259 1348 συντελείτω
1287 1285 1319 1357 ἐς

241 1400 395 1483 προνομήν.
419 1398 540 1474 Iniuria,
568 1400 593 1460 si
617 1398 693 1480 quid
717 1399 820 1476 video,
840 1399 975 1461 editores
996 1410 1184 1481 spreverunt
1204 1398 1320 1463 Pelleti

240 1513 454 1574 coniecturam
491 1511 519 1581 ἐς
554 1516 725 1597 προνομίαν,
761 1513 886 1575 Reitzio
920 1522 1006 1575 recte
1039 1513 1219 1594 probatam.
1265 1513 1316 1578 Cf.

241 1627 393 1689 Abdicat.
418 1644 470 1706 23,
495 1627 549 1688 ubi
573 1628 621 1688 bis
644 1627 760 1709 legitur
783 1631 926 1712 προνομία
940 1657 980 1681 =
995 1627 1194 1710 privilegium
1202 1651 1210 1708 ;
1235 1632 1318 1712 quid

240 1741 280 1802 sit
317 1742 498 1824 προνορωί,ε
532 1741 751 1822 Xenophonte
785 1741 995 1804 notissimum.
1032 1741 1189 1804 Confundi
1224 1741 1319 1806 facile

241 1865 376 1936 possunt
398 1865 529 1936 propter
552 1855 727 1936 scripturae
750 1856 986 1918 similitudinem
1009 1858 1137 1941 προνορωό
1155 1885 1196 1910 =
1209 1858 1318 1938 pabu-

241 1969 325 2046 latio,
349 1974 492 2055 προνομιά
510 1999 550 2023 =
567 1969 778 2052 privilegium,
804 1973 970 2054 προνομαία
983 1967 1098 2056 (Zeux.
1118 1978 1168 2047 10)
1181 1999 1222 2024 =
1236 1993 1316 2052 pro-

240 2084 345 2146 boscis
364 2084 523 2166 elephanti
543 2087 706 2170 (προνόμιον
727 2083 823 2148 Rhet.
848 2085 954 2146 Praec.
985 2099 1022 2163 17
1035 2084 1228 2146 vocabulum
1241 2106 1317 2167 pes-

240 2199 339 2260 simae
363 2198 552 2261 Graecitatis
578 2228 617 2252 =
642 2198 808 2284 ἀρραβών).

284 2310 468 2393 Sequuntur
502 2312 600 2375 verba
634 2312 767 2375 haecce:
803 2315 829 2374 οἱ
857 2312 981 2374 διοίκονοι
1004 2308 1072 2397 πρὸςΙ
1092 2312 1184 2397 χοίριν
1208 2314 1318 2392 μηδενί

241 2425 344 2504 μηδέν,
368 2422 453 2487 ἄλλα
476 2426 553 2505 μηδὲ
577 2425 810 2510 βραδυνέτωσαν
833 2425 910 2504 μηδὲ
930 2421 1225 2511 παραπετέσθωσαν,
1247 2430 1316 2491 ἔστ’

241 2538 279 2601 aiv
298 2538 399 2609 αὐτοῖς
419 2539 497 2618 δοκῇ,
521 2542 614 2602 ὁπόσα
638 2539 699 2625 χρὴ
723 2537 895 2624 ἀποφέρειν,
920 2539 997 2617 μηδὲ
1019 2544 1062 2618 τῷ
1084 2540 1142 2619 μὲν
1165 2543 1313 2620 μεγαλα,

166 2671 172 2679 ’
241 2661 283 2732 τῷ
306 2652 337 2716 δὲ
359 2654 466 2734 κομιδῇ
489 2654 583 2740 μικροὶ
607 2651 833 2739 παρατιθέσθω
856 2665 925 2718 κτλ.

285 2764 569 2853 παραπετέσθωσαν
612 2780 660 2831 est
701 2771 883 2833 coniectura
919 2770 1067 2850 Jacobsii,
1102 2771 1169 2832 iure
1204 2773 1315 2836 multis

241 2883 374 2966 probata
404 2902 462 2963 pro
497 2882 649 2945 librorum
674 2880 988 2968 παραπιμπέσθωσαν
1011 2895 1043 2947 et
1066 2888 1315 2970 παραπεμπέτω-

239 3017 306 3057 σαν.
337 2995 571 3058 Herwerdenus
602 2996 699 3080 retur.
732 3008 765 3060 et
794 2998 863 3060 Luc
898 3019 951 3080 pg.
977 3000 1019 3078 89
1048 2997 1133 3080 sq.):
1168 3003 1315 3084 „corrige

240 3108 446 3194 βραδυνόντων
480 3120 512 3172 et
543 3107 815 3196 παραπεμπέσθων
847 3121 879 3174 et
913 3132 939 3173 c.
981 3113 1031 3173 18.
1053 3117 1246 3196 τροπίνοντων
1280 3126 1314 3178 et

240 3226 451 3296 πεττευόντων,
483 3226 594 3306 quales
618 3225 738 3287 formae
761 3227 791 3287 in
814 3225 862 3287 his
887 3223 1010 3306 legibus
1033 3235 1084 3289 sat
1107 3227 1226 3290 multae
1250 3228 1315 3290 feli-

239 3339 317 3400 citer
346 3349 491 3401 servatae
521 3338 627 3403 sunt.’'
659 3340 778 3403 Mnem.
819 3343 896 3420 1871
932 3361 986 3422 pg.
1012 3357 1074 3421 293
1099 3362 1146 3423 sq.
1170 3342 1312 3424 scripsit:

198 3472 201 3479 “
240 3452 360 3530 „verba
383 3453 496 3514 misere
519 3463 678 3535 corrupta.
704 3452 872 3536 Suspicor:
897 3452 982 3515 ἄλλα
1007 3457 1086 3532 μήτε
1106 3454 1314 3540 βραδυνόντων

240 3568 320 3645 μήτε
338 3562 637 3649 ,παραπετέσθωσαν
669 3565 759 3654 (sici)
793 3571 830 3638 ὡς
854 3566 892 3630 532¹
915 3567 1017 3638 αῖίῖθῗς
1040 3569 1118 3648 δίχ’ίν
1141 3572 1230 3633 ὁπότε
1253 3575 1314 3657 χίίί

240 3679 322 3742 αὐτοὶ
356 3683 411 3754 (sc.
436 3678 479 3742 roi
502 3682 588 3766 κρέα)
613 3679 724 3767 Φέρειν,
749 3682 826 3760 μηδὲ
848 3680 891 3760 τῷ
915 3682 972 3761 μὲν
994 3683 1128 3761 μεγαλα
1151 3685 1214 3747 κτὲ.
1239 3685 1314 3748 Non

239 3804 296 3868 est,
321 3793 408 3874 quod
429 3804 555 3876 putant,
580 3816 684 3857 sermo
708 3797 749 3858 de
772 3796 988 3878 apophoretis.
1014 3796 1060 3860 Cf.
1085 3817 1111 3860 c.
1132 3815 1172 3859 22
1194 3797 1313 3878 et23.''

283 3907 442 3971 Confusus
474 3910 553 3971 ordo
585 3910 756 3972 verborum
782 3912 892 3973 turbas
916 3920 948 3974 et
971 3911 1167 3992 corruptelas
1190 3912 1315 3976 dedisse

238 4022 373 4098 videtur,
407 4043 488 4104 quas
511 4023 611 4085 lenius
635 4025 678 4086 sic
703 4025 913 4087 correxerim:
939 4021 1025 4086 ἄλλα
1047 4027 1128 4103 μήτε
1151 4025 1313 4111 βραδυνόν-

240 4157 307 4207 των,
343 4136 405 4196 ἕστ’
430 4136 467 4197 ii>
491 4136 592 4206 αὐτοῖς
615 4138 692 4216 δοκῇ,
718 4140 798 4217 μήτε
823 4134 1077 4222 παραπετέσθων,
1101 4140 1178 4218 sandi
1201 4144 1312 4205 ὁπόσων
