3120 5160
771 653 790 712 8

246 839 334 920 quod
353 839 513 900 Lucienus
537 839 714 919 scripserat,
739 859 802 899 non
826 859 932 901 carere
957 860 1071 916 errore,
1096 841 1152 901 sed
1175 851 1328 925 προσκλη-

247 947 384 1029 ἓιήσομαι
402 952 572 1013 dicendum
595 951 699 1012 fuisse.

290 1064 467 1127 HALCYON
490 1078 568 1125 SIVE
591 1078 638 1126 DE
661 1064 1018 1128 TRANSFORMATIONE

289 1176 325 1238 C.
357 1194 388 1254 4.
420 1176 437 1251 il
471 1183 613 1254 γυναικός
647 1177 720 1246 εἶδος
754 1174 983 1256 μεταπλασθὲν
1017 1180 1057 1249 εἰς
1092 1176 1206 1264 ὄρνιθός
1243 1204 1326 1251 τινος

245 1294 372 1365 ποιῆσαι.
404 1291 527 1353 Vereor
557 1311 597 1352 ne
627 1287 855 1369 μεταπλασθέν
886 1302 1072 1373 corruptum
1099 1295 1139 1355 sit
1162 1303 1194 1355 et
1218 1317 1325 1372 μετα-

245 1399 423 1479 πλασθῆναι
457 1424 531 1465 vera
566 1405 606 1465 sit
639 1404 744 1480 lecti0‚
781 1406 806 1466 si
840 1404 967 1466 consero
1001 1405 1042 1466 D.
1078 1406 1119 1467 D.
1155 1407 1267 1469 XVIII
1307 1426 1319 1470 1
1354 1399 1357 1405 ¹

243 1514 471 1588 διασπασθῆναι
501 1520 633 1594 ποιήσας,
661 1518 702 1579 D.
723 1519 836 1579 Mario.
862 1520 908 1581 Vl
933 1538 950 1598 3
976 1521 1076 1596 πυγὴν
1101 1519 1254 1597 ἐπώνυμόν
1278 1542 1323 1582 σοι

242 1626 432 1705 ἀναδοθῆναι
467 1631 621 1705 ποιήσω,
655 1632 742 1710 quod
765 1652 823 1711 pro
848 1633 956 1712 inepto
983 1631 1061 1694 ἐάσω
1084 1634 1126 1694 ab
1152 1634 1322 1696 Hemster·

243 1741 335 1804 husio
369 1753 402 1804 et
432 1742 650 1803 Herwerdeno
681 1743 871 1819 coniectum,
903 1746 933 1804 iu
958 1746 1088 1824 optimis
1111 1745 1197 1806 libris
1221 1746 1320 1807 etiam

242 1855 357 1935 legitur
390 1864 423 1915 et
453 1875 472 1915 a
504 1854 679 1916 Fritzschio
712 1856 743 1915 in
775 1865 903 1917 textum
936 1865 1100 1937 receptum
1131 1867 1189 1921 est.
1214 1857 1321 1919 Philo-

243 1967 353 2047 pseud.
380 1981 421 2045 30
445 1963 594 2028 οἰκεῖσθαι
619 1968 673 2044 τὴν
697 1969 790 2030 οἰκίαν
816 1968 938 2044 ἐποίησε.

286 2079 312 2142 C
354 2095 384 2157 7.
417 2077 480 2141 ἐπεὶ
509 2085 563 2141 καὶ
592 2079 723 2155 αὐλῆσαι
754 2087 814 2150 τοῖς
845 2081 987 2150 άναόλοις
1017 2085 1071 2143 καὶ
1100 2079 1275 2159 ἀναγνῶναι
1302 2082 1319 2158 ν)

241 2193 365 2276 γράφαι
389 2200 450 2263 τοῖς
470 2190 696 2278 ἀγραμμάτοις
720 2195 945 2277 γραμματικόν
967 2198 1072 2279 τρόπον
1092 2195 1320 2279 ἀδυνατώτερόν

243 2304 305 2367 ἐστι
334 2308 417 2377 τόσος,
451 2307 503 2376 ἕως
533 2306 572 2367 ἀν
603 2305 670 2368 ὦσιν
693 2304 927 2386 ἀνεπιστήμονες
951 2311 1003 2369 τοῦ
1025 2312 1142 2383 ποιῆσαι
1165 2315 1319 2385 γυναῖκας

243 2418 277 2496 ἐξ
300 2416 424 2504 όρνίῧιον
446 2419 462 2494 il
488 2415 610 2504 ὄρνιθας
635 2418 666 2482 ἐκ
690 2426 850 2496 γυναικῶν.

285 2533 353 2601 τους
376 2529 611 2617 ἀγραμμάτους
634 2553 704 2593 esse
726 2531 872 2594 homiues
891 2534 921 2594 ol
934 2533 1317 2618 οὑόόγράμματαὶσασιν,

240 2647 302 2707 hoc
337 2647 433 2706 credo
468 2649 521 2707 καὶ
555 2644 664 2724 τυφλῷ
696 2647 782 2721 δῆλον
814 2654 872 2709 est.
904 2647 1078 2728 Quomodo
1101 2649 1198 2727 igitur
1219 2669 1318 2710 sanus
1396 2698 1400 2704 .

241 2757 339 2819 homo
368 2759 485 2820 addere
508 2761 648 2839 potuerit
671 2759 895 2843 γραμματικόν
916 2764 1030 2844 τρόπον,
1055 2762 1202 2842 equidem
1227 2782 1317 2842 pror-

240 2892 294 2932 sus
328 2891 390 2932 non
420 2872 572 2952 intelligo,
595 2872 705 2933 Verba
725 2883 757 2932 et
780 2892 1017 2952 supervacanea
1040 2885 1115 2936 suut
1140 2885 1172 2937 et
1196 2876 1316 2956 inepta,

241 2986 331 3065 quasi
351 2986 422 3066 quis
442 2986 539 3046 etiam
565 2987 658 3046 ἀλλον
684 2983 700 3058 ἢ
724 2985 947 3067 γραμματικόν
970 2989 1074 3069 τρόπον
1098 2985 1316 3072 ἀγράμματος

239 3117 309 3158 esse
331 3099 447 3178 possit.

284 3211 525 3273 Puouumuus
550 3224 628 3272 srvu
652 3211 838 3274 Cuucusus

284 3324 322 3387 C.
355 3341 400 3412 9..
419 3328 472 3385 καὶ
503 3324 608 3394 ἀετους
640 3325 854 3402 καταπέμπειν
876 3328 929 3386 καὶ
951 3325 984 3387 τό
1008 3325 1086 3410 ἧπαρ
1110 3326 1316 3392 ἐκκολάπτειν.

209 3515 214 3523 ⁸
240 3436 377 3517 Aquilas
413 3437 490 3510 illas,
516 3457 579 3496 non
603 3437 707 3516 ipsum
732 3436 843 3497 lovem
866 3437 1046 3499 Promethei
1070 3441 1155 3500 iecur
1177 3442 1315 3502 exedere

239 3559 383 3628 apparet,
407 3569 505 3630 quem
529 3569 658 3609 sensum
685 3561 720 3610 ut
743 3549 849 3609 verbis
873 3550 977 3610 elicias
1001 3571 1058 3630 pro
1078 3556 1133 3613 καί
1197 3554 1235 3624 ὡς
1255 3557 1314 3618 erit

239 3662 470 3742 reponendum.
503 3662 546 3725 Cl
583 3662 623 3724 D.
657 3662 753 3723 More.
787 3663 833 3724 IV
866 3680 877 3723 1
907 3666 960 3723 καί
981 3663 1065 3748 κηρόν
1088 3666 1124 3734 ὡς
1150 3664 1314 3729 ἐπιπλάσαι

239 3775 274 3836 τό
309 3773 475 3853 σκαφίδιον,
509 3776 631 3856 lmagg.
669 3792 705 3836 12
738 3779 792 3836 καί
821 3798 872 3853 μοι
895 3776 969 3837 δοκῶ
992 3813 1035 3823 -
1058 3775 1221 3853 δεήσεσθαι
1245 3782 1314 3865 πρός

239 3888 293 3962 τὴν
314 3888 421 3959 εἰκόνα,
446 3887 477 3948 οὐ
502 3893 645 3948 πλαστῶν
667 3887 731 3948 οὐδὲ
756 3886 904 3971 γραφέων
932 3892 1030 3966 μόνον,
1055 3887 1140 3951 ἀλλά
1161 3891 1313 3971 καὶφιλο-

239 3996 338 4075 σόφινν
366 4001 403 4067 ὡς
427 3998 495 4082 πρὸς
519 3998 588 4069 τους
611 4001 725 4060 ἐκείνων
749 4003 877 4070 κανόνας
902 3997 1073 4063 ἀπευθῦναι
1098 4004 1132 4065 τό
1159 4006 1312 4083 άγαλμα,

240 4112 331 4174 Asin.
368 4113 409 4173 28
442 4114 457 4187 ἡ
489 4112 520 4172 δὲ
545 4115 582 4189 τῇ
607 4114 690 4191 μόλ’ρ,
715 4135 756 4191 με
779 4110 988 4194 ὑπεζεύγνυεν,
1013 4119 1090 4178 ὥστε
1115 4115 1199 4179 ἀλεῖν
1221 4118 1312 4202 (ὥστε

238 4222 332 4284 huius
365 4224 459 4284 libelli
493 4226 628 4304 scriptor
662 4245 720 4304 pro
755 4225 918 4286 Lucianeo
952 4229 1013 4310 ὡς),
1049 4231 1089 4289 de
1123 4229 1255 4311 Dipsad.
1291 4248 1310 4310 7

478 4338 489 4355 il

237 4337 424 4413 συλλέγουσι·
441 4337 531 4421 ὄάρα
555 4335 597 4399 τά
621 4336 666 4414 φά
689 4374 733 4383 -
756 4337 816 4417 οὐχ
839 4340 876 4408 ὡς
900 4337 1018 4417 φαγεῖν
1042 4346 1141 4418 μόνον.
