3120 5160
760 668 798 729 ¹4

240 835 410 918 Φαίνεσθαι
443 840 648 920 pronuntiare
682 849 714 901 et
749 837 928 918 ἀποφαίνειν
961 840 1190 915 demonstrare,
1225 838 1318 919 quod

239 953 312 1016 huic
347 951 418 1016 loco
443 954 545 1034 magis
569 955 728 1027 convenit,
756 954 794 1015 cl.
821 955 899 1015 inira
922 937 986 1033 c'9
1021 953 1123 1014 Recte
1146 960 1258 1014 contra
1280 973 1336 1013 se-

239 1068 338 1130 habet
361 1089 379 1130 c
401 1082 430 1146 7.
456 1068 550 1146 μηδὲν
569 1069 607 1136 ὡς
626 1064 803 1148 εἰκάζοντας
823 1062 1086 1145 άποφαι’νεσθαι.”
1098 1067 1168 1127 Imo
1180 1064 1258 1134 τινὲς
1271 1100 1316 1110 -

239 1180 443 1261 ἀπεφαίνοντο
474 1180 569 1267 (nwie
599 1202 616 1243 c
641 1183 659 1242 8
683 1182 769 1243 seine
791 1181 945 1261 Meinung
968 1176 1203 1260 aussprechen''
1227 1188 1315 1240 recte

239 1294 362 1378 Sbtius)
387 1296 561 1376 opponitur
583 1279 680 1379 ἐτερος
700 1295 733 1356 δέ
755 1318 799 1365 τις
824 1292 967 1374 ἐδόξαζε;
992 1314 1055 1355 non
1075 1294 1171 1374 igitur
1192 1303 1315 1355 temere

239 1408 318 1471 haec
343 1409 498 1470 mutanda
520 1418 605 1471 sunt.
629 1407 690 1470 Est
713 1428 790 1469 vero
813 1408 910 1483 locus,
936 1408 989 1468 ubi
1013 1407 1153 1468 medium
1174 1407 1258 1468 male
1279 1427 1313 1467 se

239 1521 339 1583 habet
361 1521 560 1601 Philopseud.
586 1539 608 1599 4
628 1518 723 1605 (init.)
743 1518 966 1598 ἀποφαίνονται
977 1520 1036 1591 τοὶς
1049 1523 1197 1606 πατρίδας
1210 1520 1241 1582 ἐκ
1254 1527 1314 1582 τῶν

241 1639 395 1718 τοιούτων,
429 1637 486 1698 sed
516 1635 703 1696 iamdudum
733 1637 872 1697 eMarc.
895 1654 962 1715 434
985 1636 1026 1696 ab
1051 1635 1256 1698 Hartmanno
1280 1646 1312 1697 et

240 1771 342 1831 nuper
374 1751 480 1812 denuo
515 1771 534 1811 a
568 1748 773 1830 Sakorrapho
804 1747 1025 1828 ἀποφαίνοντες
1056 1759 1221 1830 receptum
1253 1759 1313 1811 est.

285 1862 321 1925 C.
348 1880 378 1942 9.
403 1858 516 1945 βόθρον
540 1884 575 1923 τε
598 1857 793 1946 ὠρυξάμεθα
816 1866 934 1924 -καὶ
958 1899 1001 1908 -
1026 1859 1214 1941 ἐσφάὲαμεκ
1238 1863 1313 1946 (pro

240 1971 374 2053 καπεσφ.
398 1975 425 2035 F
427 1974 603 2056 ritzschius)
627 2011 671 2020 ·—
693 1977 745 2036 καί
766 1974 956 2054 ἐσπείσαμεν.
976 1975 1135 2056 Suspicari
1153 1976 1313 2056 quispiam

240 2091 341 2171 possit
375 2098 506 2170 propter
534 2091 736 2169 sequentium
760 2090 932 2151 verborum
956 2092 1077 2152 activas
1099 2089 1217 2150 lormas
1240 2088 1312 2173 ὠρύ-

240 2204 343 2282 ξαμεν
374 2222 443 2263 esse
472 2201 724 2282 praeferendum,
750 2203 805 2264 sed
830 2205 1042 2265 necessarium
1067 2223 1131 2263 non
1155 2212 1212 2278 est,
1238 2222 1311 2263 nam

240 2317 345 2378 modo.
373 2316 478 2377 activa
511 2316 612 2377 forma
645 2314 740 2377 huius
773 2318 862 2379 verbi
895 2319 1053 2379 invenitur
1084 2326 1119 2379 ut
1150 2315 1244 2378 Char.
1271 2331 1311 2376 22

240 2424 354 2512 βόθρον
383 2426 452 2490 τινα
483 2427 654 2512 ὀρύξαντες,
685 2429 726 2490 de
749 2430 855 2491 Morte
877 2431 944 2491 Per.
971 2447 1008 2490 21
1036 2424 1150 2512 βόθρον
1172 2427 1312 2512 ὀρύττων,

241 2542 338 2602 modo
369 2542 473 2602 media
503 2540 704 2622 Philopseud.
746 2559 784 2620 14
815 2539 928 2628 βόθρον
957 2566 992 2604 τε
1022 2529 1215 2627 ὀρυξάμενος.
1248 2540 1312 2604 Sed

240 2674 439 2734 quamquam
465 2656 601 2749 seriores
632 2657 763 2716 omnino
787 2657 828 2718 ad
852 2657 956 2718 media
979 2656 1151 2718 verborum
1175 2674 1314 2735 propen-

239 2768 327 2848 dent,
361 2787 425 2828 non
457 2776 566 2828 tamen
597 2768 848 2831 obliviscendum
879 2779 928 2832 est
959 2768 1011 2853 (ut
1035 2767 1248 2831 Schwartzius
1271 2767 1312 2829 ad

240 2882 305 2943 Vit.
342 2881 432 2943 Auct
473 2897 491 2941 2
525 2879 691 2965 observat)
716 2883 872 2963 proclives
895 2904 965 2945 esse
987 2883 1106 2945 scribas
1131 2882 1171 2943 ad
1195 2881 1313 2943 lormas

240 2996 361 3057 activas
384 3004 416 3056 et
440 2995 561 3056 medias
584 2996 769 3059 stultissime
793 2998 1038 3079 permiscendas

284 3111 437 3175 CHARON
460 3125 538 3174 sivs
561 3113 879 3177 CONTEMPLANTES.

285 3225 321 3289 C.
358 3243 386 3305 3.
418 3226 483 3288 init.
515 3226 749 3289 Herwerdenus
782 3230 913 3291 miratur
940 3230 1133 3309 Jacobitium
1157 3238 1189 3290 et
1211 3229 1312 3291 Fritz·

240 3339 363 3402 schium
386 3338 540 3401 edidisse:
565 3343 704 3402 κελεύετε
729 3343 783 3417 τὴν
807 3338 913 3413 ὀθόνπν
935 3347 1059 3404 στεῖλαι
1079 3362 1182 3423 neque
1201 3342 1312 3402 eduo-

240 3456 301 3516 bus
322 3453 408 3514 libris
430 3458 596 3516 συστεῖλαι.
619 3454 683 3518 Sed
705 3467 738 3518 et
761 3457 836 3519 Ver.
864 3458 945 3520 Hist.
970 3459 984 3519 I
1004 3459 1024 3518 6
1044 3459 1158 3520 iterum
1172 3457 1311 3538 simplex

240 3567 374 3629 verbum
394 3567 529 3647 legimus
542 3588 600 3630 nec
612 3568 715 3630 differt
727 3569 935 3632 Homericum
948 3574 1029 3632 ἱστία
1041 3574 1179 3633 στέλλειν
1190 3571 1310 3650 Odyss.

240 3682 283 3742 ΙΙΙ
311 3699 366 3758 11;
391 3681 470 3743 XVI
495 3694 568 3760 353.

284 3795 408 3856 Deinde
427 3795 457 3854 in
478 3795 582 3856 verbis
595 3798 646 3855 καὶ
660 3793 814 3879 ἐξευρίσκω
827 3796 882 3869 τὴν
894 3799 996 3873 ἱκανὴν
1008 3797 1118 3868 σκοπήν
1130 3807 1187 3858 aut
1199 3796 1309 3877 legen-

240 3907 317 3968 dum
349 3908 408 3969 erit
437 3905 505 3968 τινα
537 3909 639 3982 ἱκανὴν
669 3912 779 3985 σκοπήν
809 3921 866 3973 aut
895 3911 950 3986 τὴν
980 3909 1169 3985 ἱκανωτάτην
1191 3910 1310 3984 σκοπήν.

285 4020 320 4082 C.
351 4038 397 4081 11.
423 4018 581 4100 ἐπιβουλαὶ
603 4025 655 4081 και
679 4026 824 4106 λρστήρια
848 4027 901 4085 καί
923 4023 1063 4107 ἐπιορκίαι
1085 4026 1138 4085 καί
1159 4020 1243 4101 Φόνοι
1259 4025 1313 4083 καί

240 4133 340 4214 δεσμοὶ
374 4137 427 4195 καί
460 4137 552 4203 πλοῦς
585 4133 701 4218 μακρός
735 4139 788 4197 καί
822 4137 958 4222 ἐμπορίαι
992 4141 1045 4199 καί
1078 4137 1208 4199 δουλεῖαι
1242 4145 1311 4197 κτλ.

240 4246 450 4309 Fritzschius:
475 4243 587 4324 ,αλοῦς
610 4252 725 4330 μακρός
749 4249 817 4310 libri
840 4270 952 4312 omnes
978 4271 1081 4332 neque
1104 4251 1136 4312 id
1155 4258 1224 4313 erat
1244 4269 1310 4310 mu·

239 4360 406 4424 tandum.”
430 4362 550 4422 Facere
572 4381 649 4422 vero
671 4381 735 4421 non
755 4384 898 4445 possum,
917 4368 993 4445 quin
1007 4385 1080 4426 cum
1093 4363 1311 4425 Herwerdeno
