3120 5160
763 450 802 529 38

245 631 337 695 ο’στέα
371 634 542 716 scripsisse,
566 635 663 717 paulo
687 646 761 718 post
784 657 860 698 vero
882 658 909 699 c.
936 637 977 717 36
1000 635 1043 700 τά
1066 637 1142 700 σ’στά
1167 637 1266 719 (idem
1289 637 1320 698 II

244 749 311 832 46).
347 748 410 812 Sed
445 759 481 812 ut
515 751 643 812 redeam
677 752 718 813 ad
749 753 779 814 id
802 753 890 834 quod
912 753 1132 815 demonstrare
1155 751 1317 828 volebam,

245 885 351 926 nonne
373 863 435 926 hoc
459 865 529 926 loco
553 867 591 936 ὑς
615 864 728 929 ἐδόκουν
750 867 867 948 legitur
886 867 999 929 eodem
1020 868 1127 950 modo⁷
1141 887 1207 948 quo
1219 888 1318 948 supra

244 982 281 1050 ὡς
305 977 504 1060 ἐνομίζομενῗ
528 1000 602 1042 nam
626 992 659 1044 et
681 980 743 1043 hoc
767 985 832 1043 suis
856 981 954 1044 oeulis
979 983 1086 1044 videre
1110 991 1269 1063 poterant.

289 1095 550 1157 Tuuauurcrm.

288 1208 324 1271 C.
349 1224 378 1285 4.
400 1207 431 1269 οὑ
451 1206 514 1293 γάρ
534 1211 628 1293 ὥσπερ
647 1209 749 1279 άλλοις
771 1213 845 1272 τισίν
858 1211 910 1286 η’δη
923 1210 1034 1291 συνέβη
1050 1211 1204 1282 πολλάκις,
1215 1206 1317 1285 άπλην

244 1325 295 1384 καὶ
317 1322 403 1400 ὑμεῖς
422 1322 582 1407 τυραννίδα
603 1325 655 1384 καί
674 1327 749 1402 μιάν
769 1325 904 1387 δουλείαν
924 1326 1138 1404 ὑπεμείναμεν,
1163 1323 1229 1387 οὑδὲ
1253 1325 1316 1395 ἑνὺς

244 1438 458 1518 ὑπηνέγκαμεν
492 1434 659 1517 ἐπιθυμίαν
692 1439 844 1512 δεσπότου,
877 1437 963 1501 άλλά
993 1443 1075 1517 μόνοι
1106 1445 1165 1502 τῶν
1196 1442 1315 1502 πώποτε

243 1553 286 1617 τά
315 1557 404 1633 ὅμοια
434 1553 691 1633 δυστυχησάντων
722 1554 771 1616 δύο
802 1550 876 1616 oia&
909 1555 969 1625 ἑνὺς
997 1554 1157 1639 τυράννους
1189 1557 1316 1634 εἴχομεν

243 1672 296 1731 καί
328 1668 396 1754 πρὸς
425 1667 516 1731 διττά
548 1673 574 1731 οἱ
596 1669 757 1748 δυστυχεῖς
781 1665 1181 1752 άδικηματαδιηροὺμεθα.
1206 1669 1241 1730 Iu
1265 1667 1315 1730 his

242 1783 358 1858 verbis,
392 1783 417 1845 si
451 1783 533 1845 bene
567 1783 724 1860 attendas,
762 1783 928 1846 ridiculum
960 1794 992 1845 et
1016 1783 1149 1846 stultum
1174 1785 1315 1845 invenies

242 1897 410 1960 emblema.
447 1897 542 1959 Aliae
573 1899 716 1960 civitates
747 1918 843 1978 saepe
874 1899 965 1959 unius
994 1899 1121 1978 tyranni
1145 1899 1313 1978 imperium

241 2010 392 2087 tulerunt,
424 2011 479 2073 sed
512 2032 569 2073 nos
601 2011 657 2073 soli
689 2012 843 2093 omnium,
871 2012 926 2093 qui
951 2031 1092 2093 unquam
1116 2011 1208 2073 simili
1231 2011 1314 2073 cala-

242 2127 353 2188 mitate
383 2128 526 2208 oppressi
557 2137 642 2209 sunt,
675 2127 756 2188 duos
780 2146 838 2207 pro
863 2147 927 2187 uuo
951 2125 1122 2187 habuimus
1146 2135 1311 2207 tyrannos

242 2240 322 2322 Quis
357 2261 418 2302 non
455 2242 540 2303 videt
573 2248 615 2304 τοὶ
647 2243 736 2320 ὅμοια
767 2241 1023 2321 δυστυχησάντων
1054 2242 1187 2302 adversa
1210 2241 1314 2304 fronte

240 2375 385 2436 pugnare
416 2366 448 2416 et
481 2377 555 2418 cum
588 2358 781 2437 praegressis
801 2361 844 2419 'et
875 2377 949 2418 cum
972 2357 1199 2438 sequentibus?
1223 2357 1313 2439 Quo-

242 2469 339 2530 modo
375 2470 459 2531 enim
491 2470 550 2532 soli
573 2469 635 2532 hoc
658 2471 809 2548 tulerunt,
834 2472 859 2532 si
883 2471 965 2532 idem
990 2471 1056 2533 aliis
1080 2471 1214 2535 accidit?
1237 2472 1312 2533 Nou

241 2583 339 2644 semel
371 2594 445 2665 post
475 2587 502 2646 οί
527 2588 607 2657 τότε,
639 2589 665 2648 οἱ
694 2589 751 2662 νῦν,
784 2587 810 2648 οἱ
832 2587 948 2648 πώποτε
972 2585 1086 2648 librarii
1109 2588 1311 2668 participium

241 2698 431 2761 addiderunt
459 2699 556 2761 Forte
576 2699 702 2761 fortuna
715 2720 756 2760 ex
768 2700 838 2780 ipso
849 2700 991 2761 Luciano
1004 2701 1189 2782 exemplum
1202 2701 1313 2763 afferre

241 2833 373 2893 possum
417 2812 552 2894 Legitur
574 2812 614 2895 Q.
648 2813 731 2875 Hist.
763 2813 892 2877 Conscr.
917 2814 957 2894 63
983 2816 1043 2899 χρη
1067 2819 1162 2877 τοίνυν
1184 2819 1236 2877 καί
1258 2817 1312 2893 την

240 2928 370 3007 ἱστορίαν
405 2927 480 2988 οὑτοι
511 2922 699 3011 γράφεσθαι
730 2927 782 2988 σὺν
812 2925 854 3005 τῷ
885 2923 1007 3003 άληθεῖ
1021 2933 1143 3007 μάλλον
1166 2930 1234 3014 πρὸς
1257 2931 1312 3007 την

240 3040 414 3118 μέλλουσαν
449 3020 556 3102 ἐλπίδα
588 3046 659 3125 ἥπερ
690 3040 742 3102 σὺν
772 3045 916 3119 κολακεία
947 3042 1014 3126 πρὸς
1045 3042 1079 3105 τὺ
1104 3044 1155 3119 ηδὺ
1179 3050 1240 3114 τοῖς
1263 3048 1312 3106 νῦν

241 3153 467 3234 ἐπαινουμένοις,
500 3156 553 3216 ubi
584 3156 650 3216 iure
681 3154 791 3218 Sbtius
822 3155 907 3219 delet
937 3158 1046 3237 partic.
1070 3168 1144 3238 post
1167 3165 1227 3228 τοῖς
1252 3162 1310 3221 νῦν.

284 3267 319 3330 C.
361 3280 408 3346 15.
446 3269 489 3346 μη
524 3267 588 3352 γάρ
624 3270 699 3331 οὑτω
731 3272 842 3354 ῥᾷστον
876 3270 953 3347 μηδὲ
988 3271 1110 3356 εὑχερὲς
1134 3271 1310 3353 ὑπολάβητε

240 3378 313 3442 εἶναι
336 3380 370 3443 τὺ
392 3385 538 3466 πράγμα.
563 3380 783 3463 Superlativus
799 3403 863 3443 non
875 3384 1000 3446 videtur
1011 3384 1226 3448 sollicitandus
1239 3387 1308 3449 coll.

238 3496 304 3558 Vit.
330 3496 429 3557 Auct.
459 3513 505 3557 11.
531 3495 637 3559 Semel
660 3496 839 3578 iterumque
859 3496 974 3578 legitur
994 3498 1072 3560 πάνυ
1084 3503 1212 3584 ράστονε
1226 3502 1308 3583 Fug.

243 3625 291 3687 14,
322 3609 362 3691 Q
399 3609 482 3671 Hist.
519 3610 648 3673 Conscr.
683 3623 710 3689 5,
741 3611 782 3672 ad
806 3632 902 3692 quem
927 3611 1032 3674 locum
1057 3613 1308 3678 Herwerdenus:

243 3723 369 3800 „malim
399 3723 529 3809 ράδιον.”
562 3721 625 3786 Sed
649 3724 718 3785 coll.
744 3725 783 3785 de
807 3722 919 3788 Saltat.
943 3744 965 3804 4
987 3727 1066 3788 πάνυ
1089 3724 1310 3807 ἀνομοιοτάτην

238 3837 364 3900 dubitat
400 3848 506 3900 utrum
542 3838 639 3920 ipsius
671 3837 804 3900 Luciani
839 3860 878 3901 au
913 3841 1110 3904 librariorum
1142 3843 1235 3924 culpa
1265 3846 1309 3906 ita

238 3952 392 4032 scriptum
416 3953 466 4014 sit.
492 3952 547 4013 Ad
571 3951 655 4014 hunc
678 3953 815 4014 abusum
841 3955 936 4016 etiam
961 3957 1120 4037 pertinent
1139 3958 1242 4020 Piscat
1267 3975 1307 4039 27

239 4069 510 4150 παμπονηρότατος
533 4064 603 4150 (ubi
627 4066 761 4130 fortasse
786 4088 828 4128 ex
849 4079 941 4149 parte
953 4069 1105 4131 librorum
1119 4076 1310 4158 παμπόνηρος

238 4178 480 4262 praeterendum
512 4180 579 4255 erit,
612 4181 710 4241 invito
738 4181 935 4262 Fritzsehio),
960 4184 1030 4263 Jov.
1055 4184 1152 4266 Trag.
1183 4207 1194 4250 1
1224 4209 1308 4264 παγ-
