3456 5332
858 525 896 591 25

345 702 490 764 Tandem
515 704 640 765 consero
660 703 700 765 D.
714 703 753 766 D.
779 704 859 765 XXI
882 701 899 778 i}
923 699 1068 779 ἐθελήσω,
1093 700 1192 781 daria,
1219 702 1357 781 ἐγὼμὲν
1379 707 1411 767 ἐκ

345 819 399 877 τοῦ
414 816 534 901 οὐρανοῦ
545 817 644 902 σειμαν
655 814 794 895 καθήσω,
808 819 893 897 ὑμεῖς
905 817 936 879 δὲ
949 813 1237 902 ἀποκρεμασθέντες
1248 822 1413 880 κατασπᾶν

346 925 499 1009 βιάσεσθέ
518 954 568 1009 με,
589 928 674 992 ἄλλα
697 933 801 1011 μοὶτκν
824 934 974 1009 πονήσετε,
999 930 1030 992 οὐ
1050 930 1113 1016 γαρ
1137 930 1175 993 aiv
1186 927 1412 994 andsitandans

348 1044 403 1122 (ita
426 1043 638 1107 Schwartzius
659 1068 717 1127 pro
730 1047 760 1108 ον’
773 1045 837 1131 γαρ
849 1047 883 1123 δὴ
895 1042 1132 1130 καθελκύσετε),
1145 1047 1185 1108 ad
1199 1067 1294 1126 quem
1307 1047 1411 1109 locum

346 1159 462 1238 accipe,
490 1180 573 1239 quac
597 1158 819 1240 Sakorraphus
843 1159 1033 1240 disputavit:
1069 1160 1206 1242 Aliquot
1229 1160 1296 1223 libri
1319 1162 1413 1224 omit·

346 1275 419 1335 tunt
453 1271 548 1346 ἀλλα,
581 1296 662 1355 quos
690 1275 791 1337 secuti
822 1284 897 1337 sunt
920 1274 1109 1337 Fritzschiui
1133 1287 1165 1337 et
1188 1273 1307 1340 Sbtius
1330 1277 1413 1338 Vide

346 1397 453 1448 tamen
488 1409 527 1450 ne
562 1410 604 1451 ex
638 1391 738 1460 ἄλλως
767 1400 953 1471 corruptum
984 1391 1033 1472 sit,
1066 1391 1115 1452 cui
1147 1390 1307 1471 glossema
1330 1402 1414 1454 esset

346 1501 540 1585 adscriptum
564 1504 679 1582 μοίτκν.
698 1503 816 1567 Sedulo
836 1505 920 1565 enim
934 1503 1101 1585 magistelli
1114 1502 1300 1565 adverbium
1313 1505 1414 1574 ἄλλως

346 1617 593 1699 interpretantur
626 1618 673 1682 cf.
693 1617 816 1680 Timaei
835 1617 925 1679 lexic.
939 1618 989 1678 οὒκ
1003 1617 1103 1686 ἄλλως
1116 1622 1241 1701 προνοεῖ·
1255 1615 1287 1677 οὐ
1300 1617 1412 1695 μοέτκν,

347 1732 453 1813 ibique
476 1732 669 1795 Ruhnken.''

390 1847 478 1908 Leve
510 1847 621 1908 vitium
657 1857 705 1908 est
736 1867 762 1908 c.
795 1859 836 1924 45
870 1850 922 1907 καὶ
953 1843 985 1921 ἣν
1010 1847 1052 1923 μή
1076 1841 1181 1907 τοῦτον
1205 1847 1334 1929 εὕρωμεν
1357 1864 1414 1926 pro

348 1966 444 2035 τοῦτο,
475 1981 575 2042 quum
607 1982 711 2023 sermo
742 1963 782 2024 sit
804 1961 844 2022 de
866 1960 1006 2042 pulchr0‚
1033 1959 1244 2041 pulcherrimo
1267 1958 1413 2037 homine;

348 2096 374 2138 c.
413 2088 452 2155 59
488 2075 516 2145 ἐς
547 2074 638 2138 αὑτὸν
672 2075 723 2137 τὸν
752 2077 856 2160 κύρτον
880 2076 911 2136 in
935 2076 1037 2156 ipsam
1063 2094 1188 2135 nassam
1213 2073 1415 2135 scribendum

347 2199 396 2251 est
429 2210 487 2270 pro
519 2188 547 2259 ἐς
570 2190 620 2252 τὸν
643 2189 735 2251 αὐτὸν
755 2192 858 2273 κύρτον
881 2191 912 2250 in
935 2189 1070 2250 eandem
1091 2207 1228 2264 nassam,
1252 2188 1340 2269 quod
1364 2186 1415 2248 hic

348 2302 423 2366 nihil
457 2314 522 2380 est;
556 2304 653 2385 paulo
688 2317 762 2385 post
795 2303 929 2365 delenda
964 2324 1078 2365 censeo
1113 2303 1210 2364 verba
1245 2302 1296 2364 τὸν
1326 2301 1414 2376 οἷνον;

347 2419 423 2500 quid
469 2420 509 2480 sit
552 2419 585 2481 τὸ
628 2415 720 2489 αὖθις
760 2420 1002 2498 ὁμολογούμενον
1045 2418 1102 2502 (ita
1136 2418 1258 2499 optime
1291 2415 1415 2478 Bekke-

348 2556 400 2596 rus
430 2555 488 2615 pro
519 2530 841 2617 αὐθομολογούμενον)
871 2536 924 2595 καὶ
952 2536 1100 2617 γνώμμον
1132 2531 1265 2612 etquid
1290 2531 1324 2592 τὸ
1347 2527 1415 2592 σἰνο-

348 2652 510 2728 μοοότατον
533 2650 585 2710 καὶ
603 2647 877 2728 ἀμφισβητήσιμον
897 2643 1017 2723 ἀφανὲς
1037 2648 1066 2706 ὅν
1079 2644 1256 2725 explicatur
1268 2644 1415 2726 proxima

348 2765 521 2839 sententia;
542 2784 568 2825 c.
594 2763 634 2824 68
659 2764 784 2843 requiro
807 2760 1048 2840 γυμνασάμενόν
1070 2781 1104 2819 τε
1128 2762 1264 2843 πρότερον
1287 2778 1345 2840 pro
1365 2781 1415 2835 γε.

393 2878 429 2942 C.
461 2894 498 2958 71
535 2876 648 2964 (extr.)
684 2878 818 2946 οὕτως
849 2872 1078 2954 ἀγανακτοῦσιν
1102 2876 1149 2943 ὡς
1174 2911 1211 2919 --
1238 2877 1289 2936 καὶ
1312 2872 1416 2950 ὀλιγοῦ

348 2992 442 3054 δέουσι
463 3003 531 3055 κτλ.
556 2991 591 3052 Iu
611 2992 839 3062 dissertatione,
862 3009 961 3070 quam
974 2988 1097 3070 scripsit
1110 2988 1225 3050 Paulus
1238 2987 1375 3051 Schulze
1392 2985 1415 3073 ¹)

348 3107 430 3169 inter
459 3107 631 3168 sententias
661 3114 882 3167 controversas
914 3103 997 3165 hanc
1020 3123 1151 3184 quoque
1174 3104 1296 3184 posuit:
1320 3124 1416 3182 „suas

348 3220 436 3302 leges
479 3221 509 3281 in
544 3219 755 3282 consecutivis
789 3230 821 3280 et
854 3217 1001 3279 finalibus
1036 3215 1196 3298 particulis
1231 3216 1418 3278 adhibendis

348 3336 509 3397 Lucianus
541 3334 598 3395 sibi
630 3329 827 3394 constituit.'’
858 3331 909 3393 De
932 3329 1079 3392 finalibus
1102 3351 1184 3392 nunc
1208 3351 1271 3391 non
1294 3331 1417 3411 loquor,

349 3449 405 3510 sed
450 3450 480 3510 in
522 3447 646 3510 utendis
687 3446 962 3507 coniunctionibus
1004 3445 1214 3506 consecutivis
1246 3444 1417 3523 Lucianus

349 3574 506 3646 quantum
542 3563 643 3638 video,
679 3569 803 3622 veteres
838 3561 968 3622 Atticos
999 3570 1126 3620 secutus
1158 3567 1216 3640 est,
1250 3559 1306 3620 nisi
1330 3559 1417 3641 quod

350 3678 446 3759 longe
482 3677 620 3738 crebrius
649 3695 748 3756 quarn
781 3674 822 3735 illi
851 3676 888 3744 ὡς
919 3695 946 3736 c.
979 3672 1069 3734 Infin.
1094 3692 1152 3753 pro
1175 3672 1251 3733 ὥστε
1277 3685 1416 3755 usurpat.

350 3793 426 3854 Duo
450 3791 499 3853 vel
523 3791 630 3871 potius
653 3809 752 3851 unum
776 3799 903 3851 tantum
922 3787 1108 3869 exemplum
1129 3806 1198 3848 esse
1217 3787 1350 3864 videtur,
1365 3789 1418 3850 ubi

351 3928 370 3969 a
401 3908 485 3968 iusto
517 3904 629 3967 harum
659 3904 919 3966 coniunctionum
950 3924 1008 3964 usu
1040 3901 1181 3964 descivit.
1207 3900 1313 3982 (Dem.
1337 3902 1417 3966 Enc.

389 4184 405 4244 ¹>
435 4183 497 4246 1883
521 4185 592 4245 Quae
614 4183 676 4231 ratio
693 4181 833 4230 intercedat
854 4181 918 4228 inter
936 4179 1074 4229 Luciannm
1094 4186 1118 4227 et
1136 4179 1245 4228 comicos
1264 4179 1418 4227 Graecorum

352 4272 448 4327 poetas
