<?xml version="1.0" encoding="UTF-8"?>
<!DOCTYPE html PUBLIC "-//W3C//DTD XHTML 1.0 Transitional//EN"
    "http://www.w3.org/TR/xhtml1/DTD/xhtml1-transitional.dtd">
<html xmlns="http://www.w3.org/1999/xhtml" xml:lang="en" lang="en">
 <head>
  <title>
</title>
<meta http-equiv="Content-Type" content="text/html;charset=utf-8" />
  <meta name='ocr-system' content='tesseract 3.04.00' />
  <meta name='ocr-capabilities' content='ocr_page ocr_carea ocr_par ocr_line ocrx_word'/>
</head>
<body>
  <div class='ocr_page' id='page_1' title='image "./exercitationesc00jonggoog_0096.png"; bbox 0 0 3456 5332; ppageno 0'>
   <div class='ocr_carea' id='block_1_1' title="bbox 850 541 886 600">
    <p class='ocr_par' dir='ltr' id='par_1_1' title="bbox 850 541 886 600">
     <span class='ocr_line' id='line_1_1' title="bbox 850 541 886 600; baseline 0 0"><span class='ocrx_word' id='word_1_1' title='bbox 850 541 886 600; x_wconf 88' lang='lat'><em>81</em></span> 
     </span>
    </p>
   </div>
   <div class='ocr_carea' id='block_1_2' title="bbox 329 728 1403 2062">
    <p class='ocr_par' dir='ltr' id='par_1_2' title="bbox 333 728 1403 1255">
     <span class='ocr_line' id='line_1_2' title="bbox 334 728 1403 813; baseline 0.004 -23"><span class='ocrx_word' id='word_1_2' title='bbox 334 728 413 791; x_wconf 88' lang='lat' dir='ltr'>haee</span> <span class='ocrx_word' id='word_1_3' title='bbox 440 730 538 792; x_wconf 83' lang='lat' dir='ltr'>verba</span> <span class='ocrx_word' id='word_1_4' title='bbox 561 752 586 793; x_wconf 89' lang='lat' dir='ltr'><em>c.</em></span> <span class='ocrx_word' id='word_1_5' title='bbox 615 749 631 810; x_wconf 87' lang='lat'>3</span> <span class='ocrx_word' id='word_1_6' title='bbox 656 733 833 811; x_wconf 82' lang='lat' dir='ltr'>Lucianea:</span> <span class='ocrx_word' id='word_1_7' title='bbox 857 731 974 801; x_wconf 77' lang='grc' dir='ltr'><em>παῖδας</em></span> <span class='ocrx_word' id='word_1_8' title='bbox 998 728 1169 811; x_wconf 64' lang='grc' dir='ltr'><em>ἀποφαίνοι,</em></span> <span class='ocrx_word' id='word_1_9' title='bbox 1201 732 1295 804; x_wconf 85' lang='grc' dir='ltr'><em>τινάς,</em></span> <span class='ocrx_word' id='word_1_10' title='bbox 1320 753 1403 813; x_wconf 86' lang='lat' dir='ltr'>quae</span> 
     </span>
     <span class='ocr_line' id='line_1_3' title="bbox 333 844 1403 928; baseline 0.002 -24"><span class='ocrx_word' id='word_1_11' title='bbox 333 844 430 905; x_wconf 88' lang='lat' dir='ltr'>etiarn</span> <span class='ocrx_word' id='word_1_12' title='bbox 462 844 627 924; x_wconf 82' lang='lat' dir='ltr'>leguntur:</span> <span class='ocrx_word' id='word_1_13' title='bbox 657 847 697 908; x_wconf 91' lang='lat' dir='ltr'>de</span> <span class='ocrx_word' id='word_1_14' title='bbox 719 848 825 908; x_wconf 88' lang='lat' dir='ltr'>Morte</span> <span class='ocrx_word' id='word_1_15' title='bbox 848 847 914 907; x_wconf 90' lang='lat' dir='ltr'>Per.</span> <span class='ocrx_word' id='word_1_16' title='bbox 945 863 975 907; x_wconf 83' lang='grc' dir='ltr'><em>ιι</em></span> <span class='ocrx_word' id='word_1_17' title='bbox 1005 857 1038 908; x_wconf 92' lang='lat' dir='ltr'><em>et</em></span> <span class='ocrx_word' id='word_1_18' title='bbox 1061 845 1240 927; x_wconf 87' lang='lat' dir='ltr'>Pseudolog</span> <span class='ocrx_word' id='word_1_19' title='bbox 1275 863 1310 922; x_wconf 87' lang='lat'><em>2;</em></span> <span class='ocrx_word' id='word_1_20' title='bbox 1334 847 1403 928; x_wconf 89' lang='lat' dir='ltr'>qui-</span> 
     </span>
     <span class='ocr_line' id='line_1_4' title="bbox 333 955 1403 1044; baseline 0.004 -28"><span class='ocrx_word' id='word_1_21' title='bbox 333 955 468 1019; x_wconf 85' lang='lat' dir='ltr'><strong>buscum</strong></span> <span class='ocrx_word' id='word_1_22' title='bbox 502 979 653 1040; x_wconf 82' lang='lat' dir='ltr'>compara</span> <span class='ocrx_word' id='word_1_23' title='bbox 687 960 780 1022; x_wconf 91' lang='lat' dir='ltr'>Dem.</span> <span class='ocrx_word' id='word_1_24' title='bbox 817 960 896 1022; x_wconf 88' lang='lat' dir='ltr'>Enc.</span> <span class='ocrx_word' id='word_1_25' title='bbox 936 976 974 1039; x_wconf 89' lang='lat'><em>32</em></span> <span class='ocrx_word' id='word_1_26' title='bbox 1008 963 1034 1021; x_wconf 88' lang='grc' dir='ltr'><em>οί</em></span> <span class='ocrx_word' id='word_1_27' title='bbox 1062 960 1087 1021; x_wconf 81' lang='grc' dir='ltr'><em>δ’</em></span> <span class='ocrx_word' id='word_1_28' title='bbox 1121 959 1264 1022; x_wconf 87' lang='grc' dir='ltr'><em>Ἀττικοί</em></span> <span class='ocrx_word' id='word_1_29' title='bbox 1284 961 1403 1044; x_wconf 65' lang='grc' dir='ltr'><em>ρλίτορες</em></span> 
     </span>
     <span class='ocr_line' id='line_1_5' title="bbox 333 1069 1402 1158; baseline 0.003 -28"><span class='ocrx_word' id='word_1_30' title='bbox 333 1069 437 1131; x_wconf 82' lang='grc' dir='ltr'><em>παιδιά</em></span> <span class='ocrx_word' id='word_1_31' title='bbox 461 1071 674 1157; x_wconf 79' lang='grc' dir='ltr'><em>παραβάλλειν</em></span> <span class='ocrx_word' id='word_1_32' title='bbox 693 1079 736 1151; x_wconf 78' lang='grc' dir='ltr'><em>τῷ</em></span> <span class='ocrx_word' id='word_1_33' title='bbox 760 1077 866 1136; x_wconf 78' lang='grc' dir='ltr'><em>τούτου</em></span> <span class='ocrx_word' id='word_1_34' title='bbox 888 1077 982 1158; x_wconf 78' lang='grc' dir='ltr'><em>κρότῳ</em></span> <span class='ocrx_word' id='word_1_35' title='bbox 1005 1084 1084 1152; x_wconf 70' lang='grc' dir='ltr'><em>κτλ,</em></span> <span class='ocrx_word' id='word_1_36' title='bbox 1098 1074 1151 1135; x_wconf 91' lang='lat' dir='ltr'><em>ubi</em></span> <span class='ocrx_word' id='word_1_37' title='bbox 1164 1075 1231 1156; x_wconf 88' lang='lat' dir='ltr'>ipse</span> <span class='ocrx_word' id='word_1_38' title='bbox 1242 1073 1402 1135; x_wconf 85' lang='lat' dir='ltr'>Lucianus</span> 
     </span>
     <span class='ocr_line' id='line_1_6' title="bbox 333 1185 605 1255; baseline 0.015 -11"><span class='ocrx_word' id='word_1_39' title='bbox 333 1185 441 1255; x_wconf 76' lang='grc' dir='ltr'><em>παῖδές</em></span> <span class='ocrx_word' id='word_1_40' title='bbox 464 1186 605 1248; x_wconf 85' lang='lat' dir='ltr'>dixisset.</span> 
     </span>
    </p>

    <p class='ocr_par' dir='ltr' id='par_1_3' title="bbox 376 1298 552 1362">
     <span class='ocr_line' id='line_1_7' title="bbox 376 1298 552 1362; baseline 0.006 -3"><span class='ocrx_word' id='word_1_41' title='bbox 376 1298 552 1362; x_wconf 73' lang='lat' dir='ltr'>Bnecnas,</span> 
     </span>
    </p>

    <p class='ocr_par' dir='ltr' id='par_1_4' title="bbox 329 1410 1401 2062">
     <span class='ocr_line' id='line_1_8' title="bbox 376 1410 1400 1499; baseline 0 -24"><span class='ocrx_word' id='word_1_42' title='bbox 376 1410 411 1475; x_wconf 88' lang='lat' dir='ltr'><em>C.</em></span> <span class='ocrx_word' id='word_1_43' title='bbox 439 1425 465 1490; x_wconf 84' lang='lat'><em>5.</em></span> <span class='ocrx_word' id='word_1_44' title='bbox 491 1415 535 1473; x_wconf 77' lang='grc' dir='ltr'><em>ὅτι</em></span> <span class='ocrx_word' id='word_1_45' title='bbox 558 1411 591 1487; x_wconf 69' lang='grc' dir='ltr'><em>ἢν</em></span> <span class='ocrx_word' id='word_1_46' title='bbox 614 1417 665 1474; x_wconf 86' lang='grc' dir='ltr'><em>καί</em></span> <span class='ocrx_word' id='word_1_47' title='bbox 688 1410 737 1475; x_wconf 70' lang='grc' dir='ltr'><em>νῦν</em></span> <span class='ocrx_word' id='word_1_48' title='bbox 760 1415 797 1484; x_wconf 83' lang='grc' dir='ltr'><em>ὡς</em></span> <span class='ocrx_word' id='word_1_49' title='bbox 821 1417 957 1499; x_wconf 80' lang='grc' dir='ltr'><em>πρότερόν</em></span> <span class='ocrx_word' id='word_1_50' title='bbox 981 1437 1053 1476; x_wconf 80' lang='grc' dir='ltr'><em>ποτε</em></span> <span class='ocrx_word' id='word_1_51' title='bbox 1077 1415 1131 1491; x_wconf 70' lang='grc' dir='ltr'><em>τὴν</em></span> <span class='ocrx_word' id='word_1_52' title='bbox 1152 1411 1400 1492; x_wconf 67' lang='grc' dir='ltr'><em>τελετὴνέθελή-</em></span> 
     </span>
     <span class='ocr_line' id='line_1_9' title="bbox 331 1523 1401 1609; baseline 0.002 -23"><span class='ocrx_word' id='word_1_53' title='bbox 331 1546 416 1586; x_wconf 88' lang='grc' dir='ltr'><em>σωσιν</em></span> <span class='ocrx_word' id='word_1_54' title='bbox 449 1524 553 1587; x_wconf 75' lang='grc' dir='ltr'><em>ἐπιδεῖν</em></span> <span class='ocrx_word' id='word_1_55' title='bbox 584 1527 728 1596; x_wconf 84' lang='grc' dir='ltr'><em>πολλάκις</em></span> <span class='ocrx_word' id='word_1_56' title='bbox 759 1528 811 1588; x_wconf 89' lang='grc' dir='ltr'><em>καί</em></span> <span class='ocrx_word' id='word_1_57' title='bbox 833 1523 1156 1606; x_wconf 67' lang='grc' dir='ltr'><em>άναρκνκσθῶσιν....</em></span> <span class='ocrx_word' id='word_1_58' title='bbox 1181 1527 1401 1609; x_wconf 78' lang='grc' dir='ltr'><em>ὲκβακχεύσέιν</em></span> 
     </span>
     <span class='ocr_line' id='line_1_10' title="bbox 330 1635 1398 1726; baseline 0.004 -28"><span class='ocrx_word' id='word_1_59' title='bbox 330 1640 382 1699; x_wconf 89' lang='grc' dir='ltr'><em>καί</em></span> <span class='ocrx_word' id='word_1_60' title='bbox 405 1638 513 1709; x_wconf 72' lang='grc' dir='ltr'><em>αὐτοδς</em></span> <span class='ocrx_word' id='word_1_61' title='bbox 535 1642 588 1701; x_wconf 86' lang='grc' dir='ltr'><em>καί</em></span> <span class='ocrx_word' id='word_1_62' title='bbox 610 1639 754 1710; x_wconf 90' lang='grc' dir='ltr'><em>πολλάκις</em></span> <span class='ocrx_word' id='word_1_63' title='bbox 777 1635 855 1719; x_wconf 62' lang='grc' dir='ltr'><em>μεθ’</em></span> <span class='ocrx_word' id='word_1_64' title='bbox 881 1639 963 1720; x_wconf 67' lang='grc' dir='ltr'><em>ἡμῶν</em></span> <span class='ocrx_word' id='word_1_65' title='bbox 988 1640 1059 1726; x_wconf 79' lang='grc' dir='ltr'><em>ἐρεῖν</em></span> <span class='ocrx_word' id='word_1_66' title='bbox 1082 1639 1116 1702; x_wconf 82' lang='grc' dir='ltr'><em>τδ</em></span> <span class='ocrx_word' id='word_1_67' title='bbox 1137 1640 1204 1702; x_wconf 79' lang='grc' dir='ltr'><em>ευόἴ.</em></span> <span class='ocrx_word' id='word_1_68' title='bbox 1224 1641 1398 1703; x_wconf 80' lang='lat' dir='ltr'>Molestum</span> 
     </span>
     <span class='ocr_line' id='line_1_11' title="bbox 330 1750 1400 1834; baseline 0.002 -21"><span class='ocrx_word' id='word_1_69' title='bbox 330 1750 406 1813; x_wconf 88' lang='lat' dir='ltr'>mihi</span> <span class='ocrx_word' id='word_1_70' title='bbox 442 1763 490 1813; x_wconf 86' lang='lat' dir='ltr'><em>est</em></span> <span class='ocrx_word' id='word_1_71' title='bbox 523 1753 609 1833; x_wconf 87' lang='lat' dir='ltr'>prius</span> <span class='ocrx_word' id='word_1_72' title='bbox 643 1752 717 1814; x_wconf 89' lang='lat' dir='ltr'>illud</span> <span class='ocrx_word' id='word_1_73' title='bbox 753 1752 908 1834; x_wconf 79' lang='grc' dir='ltr'><em>πολλάκις,</em></span> <span class='ocrx_word' id='word_1_74' title='bbox 940 1755 1144 1816; x_wconf 88' lang='lat' dir='ltr'>coniunctum</span> <span class='ocrx_word' id='word_1_75' title='bbox 1177 1774 1249 1815; x_wconf 87' lang='lat' dir='ltr'><em>curn</em></span> <span class='ocrx_word' id='word_1_76' title='bbox 1273 1757 1323 1815; x_wconf 80' lang='grc' dir='ltr'><em>νῦν</em></span> <span class='ocrx_word' id='word_1_77' title='bbox 1346 1754 1400 1829; x_wconf 67' lang='grc' dir='ltr'><em>τὴν</em></span> 
     </span>
     <span class='ocr_line' id='line_1_12' title="bbox 330 1863 1399 1948; baseline 0.005 -24"><span class='ocrx_word' id='word_1_78' title='bbox 330 1865 457 1940; x_wconf 67' lang='grc' dir='ltr'><em>τελετὴν</em></span> <span class='ocrx_word' id='word_1_79' title='bbox 487 1863 600 1946; x_wconf 76' lang='grc' dir='ltr'><em>ἐπιδεῖν,</em></span> <span class='ocrx_word' id='word_1_80' title='bbox 628 1887 702 1927; x_wconf 88' lang='lat' dir='ltr'><em>curn</em></span> <span class='ocrx_word' id='word_1_81' title='bbox 728 1887 791 1927; x_wconf 85' lang='lat' dir='ltr'><em>non</em></span> <span class='ocrx_word' id='word_1_82' title='bbox 816 1888 880 1928; x_wconf 92' lang='lat' dir='ltr'><em>uno</em></span> <span class='ocrx_word' id='word_1_83' title='bbox 904 1867 1082 1948; x_wconf 89' lang='lat' dir='ltr'>eodemque</span> <span class='ocrx_word' id='word_1_84' title='bbox 1105 1876 1250 1948; x_wconf 85' lang='lat' dir='ltr'>ternpore</span> <span class='ocrx_word' id='word_1_85' title='bbox 1274 1868 1399 1948; x_wconf 84' lang='lat' dir='ltr'>saepius</span> 
     </span>
     <span class='ocr_line' id='line_1_13' title="bbox 329 1976 1398 2062; baseline 0.004 -22"><span class='ocrx_word' id='word_1_86' title='bbox 329 1976 391 2041; x_wconf 86' lang='lat' dir='ltr'>hoe</span> <span class='ocrx_word' id='word_1_87' title='bbox 415 1980 538 2056; x_wconf 80' lang='lat' dir='ltr'>taciant;</span> <span class='ocrx_word' id='word_1_88' title='bbox 563 2001 661 2062; x_wconf 86' lang='lat' dir='ltr'>parva</span> <span class='ocrx_word' id='word_1_89' title='bbox 685 1982 931 2062; x_wconf 83' lang='lat' dir='ltr'>transpositione</span> <span class='ocrx_word' id='word_1_90' title='bbox 954 1981 1041 2043; x_wconf 85' lang='lat' dir='ltr'>locus</span> <span class='ocrx_word' id='word_1_91' title='bbox 1061 1991 1199 2054; x_wconf 85' lang='lat' dir='ltr'>sanatur,</span> <span class='ocrx_word' id='word_1_92' title='bbox 1214 1981 1398 2044; x_wconf 89' lang='lat' dir='ltr'>scribendo:</span> 
     </span>
    </p>
   </div>
   <div class='ocr_carea' id='block_1_3' title="bbox 330 2094 560 2162">
    <p class='ocr_par' dir='ltr' id='par_1_5' title="bbox 330 2094 560 2162">
     <span class='ocr_line' id='line_1_14' title="bbox 330 2094 560 2162; baseline 0.004 -9"><span class='ocrx_word' id='word_1_93' title='bbox 330 2096 384 2153; x_wconf 88' lang='grc' dir='ltr'><em>καί</em></span> <span class='ocrx_word' id='word_1_94' title='bbox 405 2094 560 2162; x_wconf 86' lang='grc' dir='ltr'><em>πολλάκις.</em></span> 
     </span>
    </p>
   </div>
   <div class='ocr_carea' id='block_1_4' title="bbox 374 2206 1398 2286">
    <p class='ocr_par' dir='ltr' id='par_1_6' title="bbox 374 2206 1398 2286">
     <span class='ocr_line' id='line_1_15' title="bbox 374 2206 1398 2286; baseline 0.001 -16"><span class='ocrx_word' id='word_1_95' title='bbox 374 2207 409 2270; x_wconf 87' lang='lat' dir='ltr'><em>C.</em></span> <span class='ocrx_word' id='word_1_96' title='bbox 446 2223 464 2286; x_wconf 92' lang='lat'><em>7</em></span> <span class='ocrx_word' id='word_1_97' title='bbox 511 2206 617 2269; x_wconf 84' lang='lat' dir='ltr'>Senex</span> <span class='ocrx_word' id='word_1_98' title='bbox 652 2208 763 2270; x_wconf 73' lang='grc' dir='ltr'><em>αὐτίκα</em></span> <span class='ocrx_word' id='word_1_99' title='bbox 797 2207 842 2270; x_wconf 81' lang='grc' dir='ltr'><em>ἐπί</em></span> <span class='ocrx_word' id='word_1_100' title='bbox 872 2209 946 2271; x_wconf 79' lang='grc' dir='ltr'><em>πολδ</em></span> <span class='ocrx_word' id='word_1_101' title='bbox 978 2206 1097 2283; x_wconf 83' lang='grc' dir='ltr'><em>άφωνός</em></span> <span class='ocrx_word' id='word_1_102' title='bbox 1129 2207 1201 2286; x_wconf 84' lang='grc' dir='ltr'><em>ἐστι,</em></span> <span class='ocrx_word' id='word_1_103' title='bbox 1226 2210 1339 2271; x_wconf 88' lang='lat' dir='ltr'>deinde</span> <span class='ocrx_word' id='word_1_104' title='bbox 1362 2209 1398 2272; x_wconf 83' lang='lat' dir='ltr'>fit</span> 
     </span>
    </p>
   </div>
   <div class='ocr_carea' id='block_1_5' title="bbox 325 2319 1451 4224">
    <p class='ocr_par' dir='ltr' id='par_1_7' title="bbox 329 2319 1093 2401">
     <span class='ocr_line' id='line_1_16' title="bbox 329 2319 1093 2401; baseline 0.004 -21"><span class='ocrx_word' id='word_1_105' title='bbox 329 2325 516 2391; x_wconf 84' lang='grc' dir='ltr'><em>λαλίστατος</em></span> <span class='ocrx_word' id='word_1_106' title='bbox 542 2320 576 2400; x_wconf 71' lang='grc' dir='ltr'><em>ἐξ</em></span> <span class='ocrx_word' id='word_1_107' title='bbox 598 2319 800 2399; x_wconf 72' lang='grc' dir='ltr'><em>ἀφωνοτάτου</em></span> <span class='ocrx_word' id='word_1_108' title='bbox 823 2343 863 2383; x_wconf 87' lang='lat' dir='ltr'><em>an</em></span> <span class='ocrx_word' id='word_1_109' title='bbox 890 2321 923 2400; x_wconf 74' lang='grc' dir='ltr'><em>ἐξ</em></span> <span class='ocrx_word' id='word_1_110' title='bbox 947 2319 1068 2401; x_wconf 74' lang='grc' dir='ltr'><em>ἀφώνου</em></span> <span class='ocrx_word' id='word_1_111' title='bbox 1078 2320 1093 2383; x_wconf 71' lang='grc' dir='ltr'><em>ί</em></span> 
     </span>
    </p>

    <p class='ocr_par' dir='ltr' id='par_1_8' title="bbox 327 2433 1397 2972">
     <span class='ocr_line' id='line_1_17' title="bbox 373 2433 1397 2517; baseline -0.002 -20"><span class='ocrx_word' id='word_1_112' title='bbox 373 2434 486 2497; x_wconf 85' lang='lat' dir='ltr'>Obiter</span> <span class='ocrx_word' id='word_1_113' title='bbox 508 2436 538 2495; x_wconf 88' lang='lat' dir='ltr'><em>in</em></span> <span class='ocrx_word' id='word_1_114' title='bbox 564 2435 743 2498; x_wconf 81' lang='lat' dir='ltr'>HERCULIS</span> <span class='ocrx_word' id='word_1_115' title='bbox 767 2456 792 2496; x_wconf 89' lang='lat' dir='ltr'>e.</span> <span class='ocrx_word' id='word_1_116' title='bbox 821 2453 837 2514; x_wconf 99' lang='lat'>3</span> <span class='ocrx_word' id='word_1_117' title='bbox 864 2433 899 2513; x_wconf 70' lang='grc' dir='ltr'><em>ἐξ</em></span> <span class='ocrx_word' id='word_1_118' title='bbox 922 2455 1076 2517; x_wconf 84' lang='lat' dir='ltr'><strong>expungo</strong></span> <span class='ocrx_word' id='word_1_119' title='bbox 1099 2436 1129 2496; x_wconf 90' lang='lat' dir='ltr'><em>in</em></span> <span class='ocrx_word' id='word_1_120' title='bbox 1152 2435 1257 2497; x_wconf 88' lang='lat' dir='ltr'>verbis</span> <span class='ocrx_word' id='word_1_121' title='bbox 1278 2435 1312 2514; x_wconf 70' lang='grc' dir='ltr'><em>ἐξ</em></span> <span class='ocrx_word' id='word_1_122' title='bbox 1325 2434 1397 2497; x_wconf 82' lang='grc' dir='ltr'><em>ἐκεί-</em></span> 
     </span>
     <span class='ocr_line' id='line_1_18' title="bbox 328 2548 1395 2629; baseline 0.001 -19"><span class='ocrx_word' id='word_1_123' title='bbox 328 2571 377 2625; x_wconf 69' lang='grc' dir='ltr'><em>νας</em></span> <span class='ocrx_word' id='word_1_124' title='bbox 400 2550 575 2629; x_wconf 72' lang='grc' dir='ltr'><em>ἑλκομένους</em></span> <span class='ocrx_word' id='word_1_125' title='bbox 599 2549 707 2620; x_wconf 72' lang='grc' dir='ltr'><em>αὐτοδς</em></span> <span class='ocrx_word' id='word_1_126' title='bbox 732 2548 845 2625; x_wconf 68' lang='grc' dir='ltr'><em>ἐποίησέ</em></span> <span class='ocrx_word' id='word_1_127' title='bbox 869 2549 937 2612; x_wconf 87' lang='lat' dir='ltr'>coll.</span> <span class='ocrx_word' id='word_1_128' title='bbox 961 2549 1002 2612; x_wconf 92' lang='lat' dir='ltr'><em>D.</em></span> <span class='ocrx_word' id='word_1_129' title='bbox 1026 2549 1066 2611; x_wconf 89' lang='lat' dir='ltr'><em>D.</em></span> <span class='ocrx_word' id='word_1_130' title='bbox 1092 2550 1138 2611; x_wconf 88' lang='lat' dir='ltr'><em>VI</em></span> <span class='ocrx_word' id='word_1_131' title='bbox 1163 2567 1191 2629; x_wconf 88' lang='lat'><em>3,</em></span> <span class='ocrx_word' id='word_1_132' title='bbox 1217 2550 1395 2626; x_wconf 81' lang='lat' dir='ltr'>Piscat.12‚</span> 
     </span>
     <span class='ocr_line' id='line_1_19' title="bbox 328 2663 1394 2746; baseline 0.003 -21"><span class='ocrx_word' id='word_1_133' title='bbox 328 2664 474 2726; x_wconf 87' lang='lat' dir='ltr'>Hermot.</span> <span class='ocrx_word' id='word_1_134' title='bbox 499 2663 551 2739; x_wconf 88' lang='lat'><em>68,</em></span> <span class='ocrx_word' id='word_1_135' title='bbox 577 2678 628 2743; x_wconf 85' lang='lat'><em>73,</em></span> <span class='ocrx_word' id='word_1_136' title='bbox 653 2663 852 2746; x_wconf 86' lang='lat' dir='ltr'>Philopseud.</span> <span class='ocrx_word' id='word_1_137' title='bbox 879 2682 929 2743; x_wconf 90' lang='lat'><em>23,</em></span> <span class='ocrx_word' id='word_1_138' title='bbox 954 2665 994 2726; x_wconf 91' lang='lat' dir='ltr'>de</span> <span class='ocrx_word' id='word_1_139' title='bbox 1018 2663 1184 2728; x_wconf 85' lang='lat' dir='ltr'>Calumnia</span> <span class='ocrx_word' id='word_1_140' title='bbox 1209 2664 1249 2742; x_wconf 86' lang='lat'><em>56</em></span> <span class='ocrx_word' id='word_1_141' title='bbox 1270 2674 1302 2727; x_wconf 91' lang='lat' dir='ltr'><em>et</em></span> <span class='ocrx_word' id='word_1_142' title='bbox 1314 2663 1394 2728; x_wconf 69' lang='grc' dir='ltr'><em>(Σοί),</em></span> 
     </span>
     <span class='ocr_line' id='line_1_20' title="bbox 327 2774 1396 2863; baseline 0 -25"><span class='ocrx_word' id='word_1_143' title='bbox 327 2777 367 2838; x_wconf 92' lang='lat' dir='ltr'><em>V.</em></span> <span class='ocrx_word' id='word_1_144' title='bbox 403 2778 439 2838; x_wconf 87' lang='lat' dir='ltr'><em>L.</em></span> <span class='ocrx_word' id='word_1_145' title='bbox 477 2798 530 2858; x_wconf 83' lang='lat' dir='ltr'><em>pg.</em></span> <span class='ocrx_word' id='word_1_146' title='bbox 571 2790 640 2855; x_wconf 87' lang='lat'>115,</span> <span class='ocrx_word' id='word_1_147' title='bbox 666 2788 698 2839; x_wconf 84' lang='lat' dir='ltr'>et</span> <span class='ocrx_word' id='word_1_148' title='bbox 721 2778 751 2838; x_wconf 89' lang='lat' dir='ltr'><em>in</em></span> <span class='ocrx_word' id='word_1_149' title='bbox 775 2779 923 2841; x_wconf 71' lang='lat' dir='ltr'>Mesena</span> <span class='ocrx_word' id='word_1_150' title='bbox 947 2777 1103 2840; x_wconf 79' lang='lat' dir='ltr'>Enconn</span> <span class='ocrx_word' id='word_1_151' title='bbox 1127 2798 1152 2838; x_wconf 85' lang='lat' dir='ltr'><em>c.</em></span> <span class='ocrx_word' id='word_1_152' title='bbox 1175 2779 1193 2838; x_wconf 89' lang='lat'><em>8</em></span> <span class='ocrx_word' id='word_1_153' title='bbox 1216 2774 1285 2863; x_wconf 71' lang='grc' dir='ltr'><em>(αἱ)</em></span> <span class='ocrx_word' id='word_1_154' title='bbox 1308 2775 1396 2854; x_wconf 69' lang='grc' dir='ltr'><em>κίχοι</em></span> 
     </span>
     <span class='ocr_line' id='line_1_21' title="bbox 327 2892 743 2972; baseline 0.002 -21"><span class='ocrx_word' id='word_1_155' title='bbox 327 2893 450 2972; x_wconf 84' lang='lat' dir='ltr'>corrigo</span> <span class='ocrx_word' id='word_1_156' title='bbox 475 2902 507 2953; x_wconf 91' lang='lat' dir='ltr'><em>et</em></span> <span class='ocrx_word' id='word_1_157' title='bbox 531 2895 658 2954; x_wconf 85' lang='lat' dir='ltr'>transeo</span> <span class='ocrx_word' id='word_1_158' title='bbox 682 2892 743 2952; x_wconf 89' lang='lat' dir='ltr'><em>ad:</em></span> 
     </span>
    </p>

    <p class='ocr_par' dir='ltr' id='par_1_9' title="bbox 371 3005 783 3068">
     <span class='ocr_line' id='line_1_22' title="bbox 371 3005 783 3068; baseline -0.005 -2"><span class='ocrx_word' id='word_1_159' title='bbox 371 3005 563 3068; x_wconf 74' lang='lat' dir='ltr'>ADVERSUS</span> <span class='ocrx_word' id='word_1_160' title='bbox 586 3006 783 3067; x_wconf 69' lang='lat' dir='ltr'>Innocenti.</span> 
     </span>
    </p>

    <p class='ocr_par' dir='ltr' id='par_1_10' title="bbox 325 3115 1451 3657">
     <span class='ocr_line' id='line_1_23' title="bbox 371 3115 1394 3204; baseline -0.001 -23"><span class='ocrx_word' id='word_1_161' title='bbox 371 3118 405 3181; x_wconf 87' lang='lat' dir='ltr'><em>C.</em></span> <span class='ocrx_word' id='word_1_162' title='bbox 431 3135 460 3198; x_wconf 89' lang='lat'><em>7.</em></span> <span class='ocrx_word' id='word_1_163' title='bbox 486 3117 726 3197; x_wconf 65' lang='grc' dir='ltr'><em>ἀναγιγνώσκεις</em></span> <span class='ocrx_word' id='word_1_164' title='bbox 750 3119 780 3180; x_wconf 79' lang='grc' dir='ltr'><em>δέ</em></span> <span class='ocrx_word' id='word_1_165' title='bbox 801 3117 876 3180; x_wconf 71' lang='grc' dir='ltr'><em>αὐτὸ</em></span> <span class='ocrx_word' id='word_1_166' title='bbox 896 3115 1093 3204; x_wconf 75' lang='grc' dir='ltr'><em>βαρβαρίζων</em></span> <span class='ocrx_word' id='word_1_167' title='bbox 1112 3123 1163 3180; x_wconf 88' lang='grc' dir='ltr'><em>καί</em></span> <span class='ocrx_word' id='word_1_168' title='bbox 1181 3124 1394 3199; x_wconf 68' lang='grc' dir='ltr'><em>καταισχύνων</em></span> 
     </span>
     <span class='ocr_line' id='line_1_24' title="bbox 326 3230 1451 3319; baseline 0.001 -26"><span class='ocrx_word' id='word_1_169' title='bbox 326 3236 377 3293; x_wconf 83' lang='grc' dir='ltr'><em>καὶ</em></span> <span class='ocrx_word' id='word_1_170' title='bbox 417 3233 614 3319; x_wconf 70' lang='grc' dir='ltr'><em>διαστρέφων.</em></span> <span class='ocrx_word' id='word_1_171' title='bbox 654 3234 758 3296; x_wconf 87' lang='lat' dir='ltr'>Vatie.</span> <span class='ocrx_word' id='word_1_172' title='bbox 796 3234 836 3311; x_wconf 90' lang='lat'><em>87</em></span> <span class='ocrx_word' id='word_1_173' title='bbox 873 3230 1004 3294; x_wconf 82' lang='lat' dir='ltr'>exhibet</span> <span class='ocrx_word' id='word_1_174' title='bbox 1037 3235 1090 3294; x_wconf 87' lang='grc' dir='ltr'><em>καί</em></span> <span class='ocrx_word' id='word_1_175' title='bbox 1123 3231 1310 3318; x_wconf 74' lang='grc' dir='ltr'><em>διαστρέφων</em></span> <span class='ocrx_word' id='word_1_176' title='bbox 1343 3236 1395 3294; x_wconf 83' lang='grc' dir='ltr'><em>καί</em></span> <span class='ocrx_word' id='word_1_177' title='bbox 1448 3232 1451 3238; x_wconf 66' lang='grc'><strong>’</strong></span> 
     </span>
     <span class='ocr_line' id='line_1_25' title="bbox 325 3346 1393 3429; baseline 0.001 -22"><span class='ocrx_word' id='word_1_178' title='bbox 325 3349 538 3427; x_wconf 76' lang='grc' dir='ltr'><em>καταισχύνων</em></span> <span class='ocrx_word' id='word_1_179' title='bbox 569 3369 632 3429; x_wconf 89' lang='lat' dir='ltr'><em>qna</em></span> <span class='ocrx_word' id='word_1_180' title='bbox 656 3347 790 3410; x_wconf 88' lang='lat' dir='ltr'>lectione</span> <span class='ocrx_word' id='word_1_181' title='bbox 813 3346 1019 3409; x_wconf 83' lang='lat' dir='ltr'>confirmatur</span> <span class='ocrx_word' id='word_1_182' title='bbox 1043 3367 1113 3408; x_wconf 88' lang='lat' dir='ltr'>mea</span> <span class='ocrx_word' id='word_1_183' title='bbox 1136 3348 1272 3429; x_wconf 86' lang='lat' dir='ltr'>suspicio</span> <span class='ocrx_word' id='word_1_184' title='bbox 1295 3348 1393 3409; x_wconf 86' lang='lat' dir='ltr'>verba</span> 
     </span>
     <span class='ocr_line' id='line_1_26' title="bbox 326 3460 1391 3547; baseline 0.002 -25"><span class='ocrx_word' id='word_1_185' title='bbox 326 3465 377 3523; x_wconf 84' lang='grc' dir='ltr'><em>καί</em></span> <span class='ocrx_word' id='word_1_186' title='bbox 399 3464 612 3541; x_wconf 74' lang='grc' dir='ltr'><em>καταισχύνων</em></span> <span class='ocrx_word' id='word_1_187' title='bbox 636 3462 787 3542; x_wconf 85' lang='lat' dir='ltr'>magistro</span> <span class='ocrx_word' id='word_1_188' title='bbox 810 3461 917 3522; x_wconf 90' lang='lat' dir='ltr'>deberi</span> <span class='ocrx_word' id='word_1_189' title='bbox 941 3460 1112 3541; x_wconf 83' lang='lat' dir='ltr'>explicanti</span> <span class='ocrx_word' id='word_1_190' title='bbox 1131 3464 1182 3522; x_wconf 88' lang='grc' dir='ltr'><em>καί</em></span> <span class='ocrx_word' id='word_1_191' title='bbox 1195 3460 1391 3547; x_wconf 83' lang='grc' dir='ltr'><em>διαστρέφων,</em></span> 
     </span>
     <span class='ocr_line' id='line_1_27' title="bbox 326 3575 906 3657; baseline -0.003 -21"><span class='ocrx_word' id='word_1_192' title='bbox 326 3585 358 3636; x_wconf 90' lang='lat' dir='ltr'><em>et</em></span> <span class='ocrx_word' id='word_1_193' title='bbox 382 3576 412 3636; x_wconf 91' lang='lat' dir='ltr'><em>in</em></span> <span class='ocrx_word' id='word_1_194' title='bbox 436 3577 612 3657; x_wconf 80' lang='lat' dir='ltr'><em>marginem</em></span> <span class='ocrx_word' id='word_1_195' title='bbox 636 3596 705 3636; x_wconf 89' lang='lat' dir='ltr'>esse</span> <span class='ocrx_word' id='word_1_196' title='bbox 728 3575 906 3656; x_wconf 82' lang='lat' dir='ltr'>releganda.</span> 
     </span>
    </p>

    <p class='ocr_par' dir='ltr' id='par_1_11' title="bbox 325 3687 1392 4224">
     <span class='ocr_line' id='line_1_28' title="bbox 370 3687 1387 3770; baseline 0.002 -21"><span class='ocrx_word' id='word_1_197' title='bbox 370 3689 443 3750; x_wconf 91' lang='lat' dir='ltr'><em>Non</em></span> <span class='ocrx_word' id='word_1_198' title='bbox 480 3710 561 3770; x_wconf 89' lang='lat' dir='ltr'>opus</span> <span class='ocrx_word' id='word_1_199' title='bbox 593 3698 640 3750; x_wconf 86' lang='lat' dir='ltr'><em>est</em></span> <span class='ocrx_word' id='word_1_200' title='bbox 671 3687 778 3749; x_wconf 88' lang='lat' dir='ltr'>multis</span> <span class='ocrx_word' id='word_1_201' title='bbox 807 3687 911 3749; x_wconf 88' lang='lat' dir='ltr'>verbis</span> <span class='ocrx_word' id='word_1_202' title='bbox 942 3687 987 3749; x_wconf 90' lang='lat' dir='ltr'>uti</span> <span class='ocrx_word' id='word_1_203' title='bbox 1011 3687 1051 3748; x_wconf 90' lang='lat' dir='ltr'><em>ad</em></span> <span class='ocrx_word' id='word_1_204' title='bbox 1073 3687 1275 3767; x_wconf 88' lang='lat' dir='ltr'>probandum</span> <span class='ocrx_word' id='word_1_205' title='bbox 1299 3709 1325 3749; x_wconf 88' lang='lat' dir='ltr'><em>c.</em></span> <span class='ocrx_word' id='word_1_206' title='bbox 1355 3705 1387 3751; x_wconf 90' lang='lat'><em>11</em></span> 
     </span>
     <span class='ocr_line' id='line_1_29' title="bbox 325 3798 1391 3892; baseline -0.001 -28"><span class='ocrx_word' id='word_1_207' title='bbox 325 3804 496 3885; x_wconf 81' lang='lat' dir='ltr'>legendum</span> <span class='ocrx_word' id='word_1_208' title='bbox 521 3823 606 3865; x_wconf 86' lang='lat' dir='ltr'>esse:</span> <span class='ocrx_word' id='word_1_209' title='bbox 632 3804 686 3878; x_wconf 68' lang='grc' dir='ltr'><em>τὴν</em></span> <span class='ocrx_word' id='word_1_210' title='bbox 709 3804 801 3886; x_wconf 77' lang='grc' dir='ltr'><em>λύραν</em></span> <span class='ocrx_word' id='word_1_211' title='bbox 825 3801 855 3862; x_wconf 80' lang='grc' dir='ltr'><em>δὲ</em></span> <span class='ocrx_word' id='word_1_212' title='bbox 880 3800 958 3879; x_wconf 62' lang='grc' dir='ltr'><em>αὐτῇ</em></span> <span class='ocrx_word' id='word_1_213' title='bbox 978 3801 1104 3892; x_wconf 65' lang='grc' dir='ltr'><em>ὑπηχεῖν</em></span> <span class='ocrx_word' id='word_1_214' title='bbox 1119 3798 1201 3886; x_wconf 86' lang='lat' dir='ltr'>(lyra</span> <span class='ocrx_word' id='word_1_215' title='bbox 1214 3802 1309 3882; x_wconf 87' lang='lat' dir='ltr'>capiti</span> <span class='ocrx_word' id='word_1_216' title='bbox 1322 3822 1391 3864; x_wconf 86' lang='lat' dir='ltr'>sue-</span> 
     </span>
     <span class='ocr_line' id='line_1_30' title="bbox 326 3910 1391 4002; baseline -0.004 -23"><span class='ocrx_word' id='word_1_217' title='bbox 326 3915 475 4002; x_wconf 79' lang='lat' dir='ltr'>cinebat),</span> <span class='ocrx_word' id='word_1_218' title='bbox 500 3939 525 3979; x_wconf 87' lang='lat' dir='ltr'>e.</span> <span class='ocrx_word' id='word_1_219' title='bbox 557 3935 592 3979; x_wconf 86' lang='lat'><em>12</em></span> <span class='ocrx_word' id='word_1_220' title='bbox 618 3911 788 3995; x_wconf 62' lang='grc' dir='ltr'><em>πυθόμενον</em></span> <span class='ocrx_word' id='word_1_221' title='bbox 808 3936 866 3996; x_wconf 89' lang='lat' dir='ltr'><em>pro</em></span> <span class='ocrx_word' id='word_1_222' title='bbox 886 3910 1121 3994; x_wconf 64' lang='grc' dir='ltr'><em>πυνθανόμενον,</em></span> <span class='ocrx_word' id='word_1_223' title='bbox 1141 3915 1252 3976; x_wconf 87' lang='lat' dir='ltr'>vitium</span> <span class='ocrx_word' id='word_1_224' title='bbox 1266 3917 1391 3996; x_wconf 85' lang='lat' dir='ltr'>saepius</span> 
     </span>
     <span class='ocr_line' id='line_1_31' title="bbox 325 4027 1391 4114; baseline -0.004 -22"><span class='ocrx_word' id='word_1_225' title='bbox 325 4032 466 4108; x_wconf 82' lang='lat' dir='ltr'>obvium,</span> <span class='ocrx_word' id='word_1_226' title='bbox 488 4052 513 4092; x_wconf 76' lang='lat' dir='ltr'>e,</span> <span class='ocrx_word' id='word_1_227' title='bbox 540 4030 578 4093; x_wconf 89' lang='lat'><em>16</em></span> <span class='ocrx_word' id='word_1_228' title='bbox 602 4034 669 4092; x_wconf 89' lang='grc' dir='ltr'><em>τίνα</em></span> <span class='ocrx_word' id='word_1_229' title='bbox 693 4029 756 4114; x_wconf 75' lang='grc' dir='ltr'><em>γάρ</em></span> <span class='ocrx_word' id='word_1_230' title='bbox 781 4028 886 4091; x_wconf 76' lang='grc' dir='ltr'><em>ἐλπίδα</em></span> <span class='ocrx_word' id='word_1_231' title='bbox 910 4031 961 4090; x_wconf 86' lang='grc' dir='ltr'><em>καί</em></span> <span class='ocrx_word' id='word_1_232' title='bbox 984 4028 1075 4098; x_wconf 72' lang='grc' dir='ltr'><em>αὐτὸς</em></span> <span class='ocrx_word' id='word_1_233' title='bbox 1099 4031 1179 4106; x_wconf 79' lang='grc' dir='ltr'><em>ἔχων</em></span> <span class='ocrx_word' id='word_1_234' title='bbox 1203 4027 1256 4110; x_wconf 83' lang='grc' dir='ltr'><em>[ἐς]</em></span> <span class='ocrx_word' id='word_1_235' title='bbox 1280 4027 1322 4088; x_wconf 81' lang='grc' dir='ltr'><em>τά</em></span> <span class='ocrx_word' id='word_1_236' title='bbox 1343 4027 1391 4108; x_wconf 75' lang='grc' dir='ltr'><em>βι-</em></span> 
     </span>
     <span class='ocr_line' id='line_1_32' title="bbox 326 4140 1392 4224; baseline 0 -21"><span class='ocrx_word' id='word_1_237' title='bbox 326 4143 401 4224; x_wconf 74' lang='grc' dir='ltr'><em>βλία</em></span> <span class='ocrx_word' id='word_1_238' title='bbox 444 4146 495 4205; x_wconf 87' lang='grc' dir='ltr'><em>καί</em></span> <span class='ocrx_word' id='word_1_239' title='bbox 529 4141 741 4212; x_wconf 73' lang='grc' dir='ltr'><em>ἀνατυλίττεις</em></span> <span class='ocrx_word' id='word_1_240' title='bbox 773 4140 822 4204; x_wconf 74' lang='lat' dir='ltr'>niet</span> <span class='ocrx_word' id='word_1_241' title='bbox 850 4145 902 4203; x_wconf 85' lang='grc' dir='ltr'><em>καί</em></span> <span class='ocrx_word' id='word_1_242' title='bbox 932 4142 1110 4218; x_wconf 74' lang='grc' dir='ltr'><em>διακολλᾷς,</em></span> <span class='ocrx_word' id='word_1_243' title='bbox 1145 4161 1211 4222; x_wconf 88' lang='lat' dir='ltr'><em>quo</em></span> <span class='ocrx_word' id='word_1_244' title='bbox 1245 4140 1328 4203; x_wconf 83' lang='lat' dir='ltr'>facto</span> <span class='ocrx_word' id='word_1_245' title='bbox 1359 4151 1392 4204; x_wconf 91' lang='lat' dir='ltr'><em>et</em></span> 
     </span>
    </p>
   </div>
   <div class='ocr_carea' id='block_1_6' title="bbox 323 4255 1409 4414">
    <p class='ocr_par' dir='ltr' id='par_1_12' title="bbox 323 4255 1409 4414">
     <span class='ocr_line' id='line_1_33' title="bbox 323 4255 1409 4338; baseline 0 -20"><span class='ocrx_word' id='word_1_246' title='bbox 323 4258 419 4338; x_wconf 80' lang='lat' dir='ltr'>longe</span> <span class='ocrx_word' id='word_1_247' title='bbox 464 4259 639 4338; x_wconf 73' lang='lat' dir='ltr'>elegantior</span> <span class='ocrx_word' id='word_1_248' title='bbox 680 4258 795 4320; x_wconf 84' lang='lat' dir='ltr'>evadet</span> <span class='ocrx_word' id='word_1_249' title='bbox 836 4257 993 4318; x_wconf 88' lang='lat' dir='ltr'>sententia</span> <span class='ocrx_word' id='word_1_250' title='bbox 1028 4266 1060 4318; x_wconf 93' lang='lat' dir='ltr'><em>et</em></span> <span class='ocrx_word' id='word_1_251' title='bbox 1093 4257 1259 4336; x_wconf 84' lang='lat' dir='ltr'>sequentia</span> <span class='ocrx_word' id='word_1_252' title='bbox 1293 4255 1409 4329; x_wconf 78' lang='lat' dir='ltr'>verba</span> 
     </span>
     <span class='ocr_line' id='line_1_34' title="bbox 1309 4367 1324 4414; baseline 0 0"><span class='ocrx_word' id='word_1_253' title='bbox 1309 4367 1324 4414; x_wconf 89' lang='lat'>6</span> 
     </span>
    </p>
   </div>
   <div class='ocr_carea' id='block_1_7' title="bbox 0 0 1732 5332">
    <p class='ocr_par' dir='ltr' id='par_1_13' title="bbox 0 0 1732 5332">
     <span class='ocr_line' id='line_1_35' title="bbox 0 0 1732 5332; baseline 0 4"><span class='ocrx_word' id='word_1_254' title='bbox 0 0 1732 5332; x_wconf 95' lang='lat' dir='ltr'><em> </em></span> 
     </span>
    </p>
   </div>
  </div>
 </body>
</html>
