3120 5160
755 362 796 424 88

285 551 320 616 C.
346 566 397 632 25.
426 558 486 622 τοῖς
509 548 606 631 Φίλοις
630 550 661 613 δέ
688 552 768 630 ὑμῖν,
792 548 947 630 Σαμίππῳ
970 552 1028 630 μὲν
1052 555 1138 614 είκοοι
1151 553 1325 632 μεδίμνους

242 665 384 747 ἐπισήμου
415 669 538 752 χρυσίον
569 670 802 751 παραμετρῆσαι
836 666 887 728 τδν
922 667 1070 744 οἰκονόμον
1095 665 1241 728 ἐκέλευσα
1268 669 1321 729 aiv.

239 780 325 863 Quid
358 781 399 843 sit
429 785 635 865 παραμετρεῖν
666 800 709 841 ex
738 780 787 841 his
810 779 966 861 exemplis
989 781 1065 841 disci
1088 789 1215 860 potest:
1241 782 1323 843 Pro-

240 892 338 958 meth.
372 897 402 957 ΙΙ
437 909 471 973 15
505 895 579 957 οὕτω
610 893 674 978 γαρ
707 892 741 966 δὴ
769 895 822 956 καί
844 893 878 956 τὸ
902 895 991 972 μέγα
1016 894 1126 972 δόξειεν
1150 893 1188 956 tu
1211 897 1320 974 μέγα,

240 1012 267 1072 εί
288 1009 330 1088 τῷ
364 1014 458 1095 μικρῷ
493 1015 727 1094 παραμετροῖτο,
753 1029 811 1090 pro
836 1007 959 1090 Imagg.
986 1025 1023 1103 ².¹
1058 1005 1144 1070 αλλοδ
1168 1009 1322 1096 διακρίνῃς

238 1127 291 1187 καί
320 1127 517 1210 παραμετρῇς
549 1120 590 1200 τῷ
621 1124 712 1200 οἰκείῳ
741 1124 842 1207 μέτρῳ
869 1121 1018 1207 ἑκοίτερον,
1045 1123 1204 1185 metiendo
1226 1144 1321 1185 com·

238 1260 359 1322 parare.
395 1237 465 1300 Nisi
499 1238 580 1301 sorte
614 1237 714 1299 credis
745 1237 776 1300 h.
798 1237 817 1298 l.
844 1258 972 1319 prorsus
998 1237 1058 1299 alia
1081 1237 1320 1320 significatione

239 1360 444 1440 παραμετρεῖν
467 1374 486 1414 a
508 1353 652 1414 Luciano
676 1372 746 1414 esse
770 1361 969 1434 usurpatum,
995 1362 1107 1415 auctor
1119 1353 1175 1415 tibi
1191 1373 1265 1414 sum
1280 1365 1319 1417 ut

238 1469 326 1550 legas
357 1466 577 1552 ἀπομετρῆσαι.
602 1467 648 1531 Cf.
674 1468 714 1529 D.
741 1468 837 1530 Mort.
862 1467 924 1528 XII
948 1484 977 1543 2,
1002 1467 1042 1528 D.
1068 1468 1196 1531 Meretr.
1221 1469 1270 1530 IX
1296 1487 1315 1531 2

239 1582 334 1669 (Xeu.
367 1582 449 1645 Hell.
482 1583 577 1659 1112,
603 1583 669 1664 28),
696 1583 809 1647 Amor.
836 1597 876 1661 27
901 1584 1016 1666 γαστρί
1039 1582 1093 1654 τὴν
1115 1580 1318 1662 ὀφειλομένην

239 1698 470 1782 οέπομετροῦμεν
492 1696 667 1760 οίπολαυσιν.
693 1697 793 1759 Notio
816 1700 869 1759 τοῦ
892 1694 1073 1782 απομετρεῖν
1100 1699 1197 1760 etiam
1221 1698 1317 1780 flagi·

240 1822 325 1875 tatur
355 1813 479 1893 Imagg.
516 1824 562 1890 15,
594 1811 648 1873 ubi
672 1810 766 1873 hodie
793 1811 924 1893 legitur:
950 1810 1101 1897 ἐπιμέτρει
1124 1810 1149 1872 δ’
1174 1809 1232 1888 οὗν,
1257 1813 1316 1874 sed

239 1926 474 1989 rescribendum
505 1935 554 1988 est
585 1923 750 2011 ἀπομέτρει
781 1927 807 1987 δ’
838 1923 896 2002 oda,
922 1926 1089 2011 ε’πιμετρεῖν
1112 1938 1176 1988 est:
1204 1929 1234 1988 in
1258 1948 1315 1989 cu-

239 2041 361 2103 mulum
395 2042 528 2121 adicere,
563 2041 764 2103 corollarium
799 2042 925 2119 addere,
956 2042 993 2104 cf.
1023 2042 1064 2106 D.
1091 2044 1186 2105 Mort.
1212 2043 1253 2105 V.
1287 2061 1313 2119 1,

240 2156 344 2237 Navig
373 2158 420 2232 18,
450 2174 497 2235 19;
522 2162 762 2242 προσεπιμετρεῖν
786 2157 826 2218 de
849 2158 945 2219 Merc.
963 2156 1064 2220 Cond.
1080 2174 1130 2237 29,
1146 2156 1242 2218 Alex.
1262 2174 1312 2236 30.

283 2271 320 2334 C.
344 2284 396 2348 45.
423 2275 455 2331 τί
476 2270 510 2347 δή
534 2293 605 2331 ποτε
629 2269 687 2350 οὐχ
712 2269 752 2340 είς
775 2271 932 2340 δακτύλιος
956 2271 1082 2332 ἅπαντα
1106 2273 1208 2332 ταῦτα
1222 2270 1313 2331 δύνα-

240 2389 294 2447 ταί
326 2406 378 2456 σοι,
414 2381 499 2445 αλλίι
533 2386 689 2454 τοσούτους
719 2387 917 2469 περιημμένος
948 2384 1050 2465 βαδιῇ,
1075 2385 1129 2461 τὴν
1152 2382 1313 2469 ἀριστεραν

239 2498 474 2583 πεφορτισμένος
496 2497 581 2560 κατα
606 2498 755 2561 δοίκτυλον
779 2500 849 2574 ἕνας
872 2498 957 2560 κατα
981 2499 1129 2561 δακτυλον
1147 2500 1199 2560 ἕνα
1221 2518 1313 2576 „sus-

239 2625 332 2696 pecta
366 2612 545 2693 videntur'’,
581 2613 738 2694 Guyetus
777 2613 909 2694 Guyeto
944 2634 1007 2674 nou
1037 2614 1139 2694 magis
1162 2624 1313 2694 suspecta

238 2740 313 2792 suut
346 2729 453 2806 verba,
485 2750 584 2810 quam
616 2727 710 2805 mihi;
744 2750 855 2791 verum
878 2729 1029 2790 arbitror:
1054 2729 1138 2790 κατα
1162 2728 1313 2791 δοίκτυλον

239 2846 374 2916 ἕκαστον,
407 2844 495 2925 quod
529 2842 736 2905 confirmatur
766 2843 992 2924 sequentibus:
1026 2847 1147 2920 μᾶλλον
1170 2843 1201 2904 δὲ
1224 2845 1311 2928 ὑπερ-

239 2963 317 3020 παίει
351 2961 377 3023 ἑ,
401 2953 542 3042 αριθμδς,
578 2960 630 3018 καί
660 2957 755 3035 δεήσει
785 2962 837 3018 καί
867 2959 920 3033 τὴν
952 2955 1054 3029 δεξιὰν
1083 2957 1310 3038 συνεπιλαβεῖντ

238 3072 348 3154 repleti
384 3071 507 3133 annulis
543 3070 652 3132 laevae
687 3092 800 3132 manus
833 3073 923 3153 digiti
957 3093 1069 3134 omnes
1100 3094 1214 3154 capere
1247 3093 1311 3134 nou

239 3197 384 3267 possunt,
425 3186 558 3247 dextrae
593 3185 746 3247 auxilium
783 3186 947 3247 serendum
982 3197 1031 3248 est
1076 3188 1126 3248 De
1159 3198 1310 3268 corrupto

239 3304 363 3371 ἕκαστος
398 3300 434 3363 cf.
471 3298 551 3363 Cob.
588 3299 627 3360 N.
664 3300 698 3360 L.
737 3321 790 3381 pg.
823 3299 905 3379 726:
930 3301 986 3378 „In
1010 3300 1095 3362 libris
1119 3302 1243 3371 ἕκαστος
1266 3303 1310 3363 sic

238 3416 331 3479 scribi
355 3415 446 3490 solet,
471 3424 506 3475 ut
530 3414 636 3475 exitus
660 3413 806 3475 vocabuli
827 3414 998 3476 lectoribus
1011 3415 1206 3497 supplendus
1219 3417 1310 3477 relin-
1373 3492 1379 3504 Ι

239 3539 363 3611 quatur,
391 3529 474 3590 unde
499 3527 589 3589 multi
613 3549 733 3589 errores
757 3529 896 3610 suscepti
919 3528 1025 3591 suut.''
1050 3530 1100 3591 De
1119 3532 1310 3592 annulorum

239 3643 440 3705 multitudine
471 3643 509 3704 cs.
542 3641 623 3704 Galli
662 3658 697 3703 12
722 3646 774 3703 καί
796 3643 973 3712 δακτυλίους
996 3642 1100 3726 βαρεῖς
1123 3647 1188 3706 ὅσον
1210 3646 1309 3706 ἑκκαί-

238 3758 311 3818 δεκα
344 3756 512 3836 ἑέκμμενος
545 3762 603 3817 τῶν
627 3757 793 3827 δακτύλιον,
819 3757 941 3838 Nigrin.
971 3775 1007 3836 13
1032 3761 1084 3819 καί
1108 3760 1175 3829 τούς
1198 3760 1309 3821 δακτυ-

240 3876 317 3941 λίους
350 3875 548 3955 προτείνοντες
586 3880 660 3952 (pro
696 3872 861 3940 δακτύλους
896 3871 1079 3957 Marcilius);
1115 3875 1232 3936 Timon
1268 3893 1310 3940 20

238 3987 351 4048 divites
372 3986 475 4067 lepide
499 3992 643 4069 πορφυροῖ
661 3992 713 4047 καί
737 3992 936 4069 χρυσόχειρες
959 3987 1168 4067 appellantur.

283 4099 318 4162 C.
353 4098 396 4176 46
431 4101 460 4160 iu
496 4099 575 4160 fure:
612 4099 677 4177 ἐμοι
711 4100 742 4160 δέ
774 4123 824 4160 και
848 4103 935 4160 τοῦτο
960 4103 1068 4163 ixx-157.
1097 4099 1166 4163 κντι
1190 4104 1309 4163 παντων
