<?xml version="1.0" encoding="UTF-8"?>
<!DOCTYPE html PUBLIC "-//W3C//DTD XHTML 1.0 Transitional//EN"
    "http://www.w3.org/TR/xhtml1/DTD/xhtml1-transitional.dtd">
<html xmlns="http://www.w3.org/1999/xhtml" xml:lang="en" lang="en">
 <head>
  <title>
</title>
<meta http-equiv="Content-Type" content="text/html;charset=utf-8" />
  <meta name='ocr-system' content='tesseract 3.04.00' />
  <meta name='ocr-capabilities' content='ocr_page ocr_carea ocr_par ocr_line ocrx_word'/>
</head>
<body>
  <div class='ocr_page' id='page_1' title='image "./exercitationesc00jonggoog_0037.png"; bbox 0 0 3456 5332; ppageno 0'>
   <div class='ocr_carea' id='block_1_1' title="bbox 845 515 884 559">
    <p class='ocr_par' dir='ltr' id='par_1_1' title="bbox 845 515 884 559">
     <span class='ocr_line' id='line_1_1' title="bbox 845 515 884 559; baseline 0.026 -1"><span class='ocrx_word' id='word_1_1' title='bbox 845 515 884 559; x_wconf 91' lang='lat'>22</span> 
     </span>
    </p>
   </div>
   <div class='ocr_carea' id='block_1_2' title="bbox 328 685 1402 1456">
    <p class='ocr_par' dir='ltr' id='par_1_2' title="bbox 328 685 1402 1456">
     <span class='ocr_line' id='line_1_2' title="bbox 330 685 1402 770; baseline -0.002 -20"><span class='ocrx_word' id='word_1_2' title='bbox 330 698 437 770; x_wconf 86' lang='lat' dir='ltr'>potest</span> <span class='ocrx_word' id='word_1_3' title='bbox 460 689 530 770; x_wconf 90' lang='lat' dir='ltr'>Jov.</span> <span class='ocrx_word' id='word_1_4' title='bbox 555 687 651 769; x_wconf 87' lang='lat' dir='ltr'>Trag.</span> <span class='ocrx_word' id='word_1_5' title='bbox 674 707 704 769; x_wconf 77' lang='grc'>9,</span> <span class='ocrx_word' id='word_1_6' title='bbox 725 687 779 750; x_wconf 92' lang='lat' dir='ltr'>ubi</span> <span class='ocrx_word' id='word_1_7' title='bbox 803 687 947 758; x_wconf 84' lang='grc' dir='ltr'><em>ἕλκοντας</em></span> <span class='ocrx_word' id='word_1_8' title='bbox 968 697 1053 749; x_wconf 87' lang='lat' dir='ltr'>recte</span> <span class='ocrx_word' id='word_1_9' title='bbox 1072 687 1231 768; x_wconf 85' lang='lat' dir='ltr'>rescripsit</span> <span class='ocrx_word' id='word_1_10' title='bbox 1242 685 1402 750; x_wconf 88' lang='lat' dir='ltr'>Schwart-</span> 
     </span>
     <span class='ocr_line' id='line_1_3' title="bbox 330 801 1400 883; baseline -0.003 -18"><span class='ocrx_word' id='word_1_11' title='bbox 330 805 396 865; x_wconf 91' lang='lat' dir='ltr'>zius</span> <span class='ocrx_word' id='word_1_12' title='bbox 429 813 461 865; x_wconf 88' lang='lat' dir='ltr'>et</span> <span class='ocrx_word' id='word_1_13' title='bbox 492 802 523 864; x_wconf 95' lang='lat' dir='ltr'>D</span> <span class='ocrx_word' id='word_1_14' title='bbox 561 803 688 864; x_wconf 86' lang='lat' dir='ltr'>Meretr.</span> <span class='ocrx_word' id='word_1_15' title='bbox 714 802 775 864; x_wconf 87' lang='lat' dir='ltr'>VII</span> <span class='ocrx_word' id='word_1_16' title='bbox 802 819 828 863; x_wconf 91' lang='lat'>1.</span> <span class='ocrx_word' id='word_1_17' title='bbox 853 801 978 863; x_wconf 87' lang='lat' dir='ltr'>Deinde</span> <span class='ocrx_word' id='word_1_18' title='bbox 1003 801 1150 864; x_wconf 86' lang='lat' dir='ltr'>Hermot.</span> <span class='ocrx_word' id='word_1_19' title='bbox 1177 814 1228 880; x_wconf 84' lang='lat'>25,</span> <span class='ocrx_word' id='word_1_20' title='bbox 1252 819 1304 880; x_wconf 84' lang='lat'>49,</span> <span class='ocrx_word' id='word_1_21' title='bbox 1329 802 1400 883; x_wconf 90' lang='lat' dir='ltr'>Jov.</span> 
     </span>
     <span class='ocr_line' id='line_1_4' title="bbox 329 916 1400 1000; baseline -0.003 -19"><span class='ocrx_word' id='word_1_22' title='bbox 329 920 427 1000; x_wconf 84' lang='lat' dir='ltr'>Trag.</span> <span class='ocrx_word' id='word_1_23' title='bbox 449 935 500 995; x_wconf 84' lang='lat'>22,</span> <span class='ocrx_word' id='word_1_24' title='bbox 520 918 560 979; x_wconf 92' lang='lat' dir='ltr'>de</span> <span class='ocrx_word' id='word_1_25' title='bbox 588 917 755 981; x_wconf 85' lang='lat' dir='ltr'>Calumnia</span> <span class='ocrx_word' id='word_1_26' title='bbox 783 930 832 998; x_wconf 84' lang='lat'>15,</span> <span class='ocrx_word' id='word_1_27' title='bbox 856 916 1057 999; x_wconf 85' lang='lat' dir='ltr'>Phiiopseud.</span> <span class='ocrx_word' id='word_1_28' title='bbox 1083 932 1112 997; x_wconf 87' lang='lat'>7,</span> <span class='ocrx_word' id='word_1_29' title='bbox 1137 916 1265 981; x_wconf 85' lang='lat' dir='ltr'>Saturn.</span> <span class='ocrx_word' id='word_1_30' title='bbox 1292 920 1322 998; x_wconf 79' lang='lat'>8,</span> <span class='ocrx_word' id='word_1_31' title='bbox 1352 931 1400 996; x_wconf 85' lang='lat'>15,</span> 
     </span>
     <span class='ocr_line' id='line_1_5' title="bbox 331 1029 1400 1116; baseline -0.002 -22"><span class='ocrx_word' id='word_1_32' title='bbox 331 1050 382 1113; x_wconf 84' lang='lat'>22,</span> <span class='ocrx_word' id='word_1_33' title='bbox 413 1032 507 1094; x_wconf 93' lang='lat' dir='ltr'>Dem.</span> <span class='ocrx_word' id='word_1_34' title='bbox 540 1031 619 1094; x_wconf 81' lang='lat' dir='ltr'>Erre.</span> <span class='ocrx_word' id='word_1_35' title='bbox 654 1048 704 1111; x_wconf 84' lang='lat'>33,</span> <span class='ocrx_word' id='word_1_36' title='bbox 738 1031 777 1092; x_wconf 89' lang='lat' dir='ltr'>de</span> <span class='ocrx_word' id='word_1_37' title='bbox 808 1029 902 1112; x_wconf 87' lang='lat' dir='ltr'>Syria</span> <span class='ocrx_word' id='word_1_38' title='bbox 933 1031 1004 1093; x_wconf 84' lang='lat' dir='ltr'>Dea</span> <span class='ocrx_word' id='word_1_39' title='bbox 1029 1048 1079 1111; x_wconf 84' lang='lat'>29,</span> <span class='ocrx_word' id='word_1_40' title='bbox 1096 1033 1138 1109; x_wconf 88' lang='lat'>48</span> <span class='ocrx_word' id='word_1_41' title='bbox 1163 1029 1208 1116; x_wconf 84' lang='lat' dir='ltr'>(in</span> <span class='ocrx_word' id='word_1_42' title='bbox 1232 1052 1297 1112; x_wconf 90' lang='lat' dir='ltr'>quo</span> <span class='ocrx_word' id='word_1_43' title='bbox 1321 1031 1400 1093; x_wconf 90' lang='lat' dir='ltr'>libro</span> 
     </span>
     <span class='ocr_line' id='line_1_6' title="bbox 329 1143 1401 1228; baseline 0 -20"><span class='ocrx_word' id='word_1_44' title='bbox 329 1146 554 1227; x_wconf 82' lang='lat' dir='ltr'>corrigendum</span> <span class='ocrx_word' id='word_1_45' title='bbox 573 1156 622 1208; x_wconf 89' lang='lat' dir='ltr'>est</span> <span class='ocrx_word' id='word_1_46' title='bbox 648 1166 674 1208; x_wconf 85' lang='lat' dir='ltr'>c.</span> <span class='ocrx_word' id='word_1_47' title='bbox 702 1159 740 1225; x_wconf 85' lang='lat'>53</span> <span class='ocrx_word' id='word_1_48' title='bbox 767 1145 893 1216; x_wconf 82' lang='grc' dir='ltr'><em>ἕκαστος</em></span> <span class='ocrx_word' id='word_1_49' title='bbox 918 1143 1119 1225; x_wconf 78' lang='grc' dir='ltr'><em>Φυλοόξαντες</em></span> <span class='ocrx_word' id='word_1_50' title='bbox 1142 1167 1201 1228; x_wconf 87' lang='lat' dir='ltr'>pro</span> <span class='ocrx_word' id='word_1_51' title='bbox 1225 1145 1346 1207; x_wconf 82' lang='grc' dir='ltr'><em>ἕκαστοι</em></span> <span class='ocrx_word' id='word_1_52' title='bbox 1369 1156 1401 1208; x_wconf 86' lang='lat' dir='ltr'>et</span> 
     </span>
     <span class='ocr_line' id='line_1_7' title="bbox 328 1258 1398 1345; baseline 0 -23"><span class='ocrx_word' id='word_1_53' title='bbox 328 1261 413 1323; x_wconf 92' lang='lat' dir='ltr'>idem</span> <span class='ocrx_word' id='word_1_54' title='bbox 432 1261 544 1322; x_wconf 90' lang='lat' dir='ltr'>vitium</span> <span class='ocrx_word' id='word_1_55' title='bbox 567 1280 593 1321; x_wconf 90' lang='lat' dir='ltr'>e.</span> <span class='ocrx_word' id='word_1_56' title='bbox 619 1259 662 1323; x_wconf 91' lang='lat'>60</span> <span class='ocrx_word' id='word_1_57' title='bbox 686 1258 793 1345; x_wconf 72' lang='lat' dir='ltr'>extr),</span> <span class='ocrx_word' id='word_1_58' title='bbox 815 1262 921 1323; x_wconf 90' lang='lat' dir='ltr'>Amor</span> <span class='ocrx_word' id='word_1_59' title='bbox 948 1275 994 1340; x_wconf 91' lang='lat'>17.</span> <span class='ocrx_word' id='word_1_60' title='bbox 1021 1261 1191 1322; x_wconf 81' lang='lat' dir='ltr'>Peccatum</span> <span class='ocrx_word' id='word_1_61' title='bbox 1212 1269 1261 1321; x_wconf 89' lang='lat' dir='ltr'>est</span> <span class='ocrx_word' id='word_1_62' title='bbox 1284 1260 1398 1322; x_wconf 90' lang='lat' dir='ltr'>Amor.</span> 
     </span>
     <span class='ocr_line' id='line_1_8' title="bbox 329 1373 1400 1456; baseline 0.001 -21"><span class='ocrx_word' id='word_1_63' title='bbox 329 1393 358 1455; x_wconf 88' lang='lat'>9,</span> <span class='ocrx_word' id='word_1_64' title='bbox 404 1374 454 1455; x_wconf 83' lang='lat'>36,</span> <span class='ocrx_word' id='word_1_65' title='bbox 493 1388 535 1453; x_wconf 82' lang='lat'>47</span> <span class='ocrx_word' id='word_1_66' title='bbox 575 1374 630 1436; x_wconf 87' lang='lat' dir='ltr'>sed</span> <span class='ocrx_word' id='word_1_67' title='bbox 669 1375 699 1435; x_wconf 91' lang='lat' dir='ltr'>in</span> <span class='ocrx_word' id='word_1_68' title='bbox 735 1375 1035 1456; x_wconf 86' lang='lat' dir='ltr'>pseudo-Lucianeo</span> <span class='ocrx_word' id='word_1_69' title='bbox 1073 1396 1178 1456; x_wconf 89' lang='lat' dir='ltr'>opere,</span> <span class='ocrx_word' id='word_1_70' title='bbox 1212 1374 1306 1456; x_wconf 86' lang='lat' dir='ltr'>quale</span> <span class='ocrx_word' id='word_1_71' title='bbox 1339 1373 1400 1436; x_wconf 90' lang='lat' dir='ltr'>hoc</span> 
     </span>
    </p>
   </div>
   <div class='ocr_carea' id='block_1_3' title="bbox 329 1488 1399 1579">
    <p class='ocr_par' dir='ltr' id='par_1_3' title="bbox 329 1488 1399 1579">
     <span class='ocr_line' id='line_1_9' title="bbox 329 1488 1399 1579; baseline -0.002 -27"><span class='ocrx_word' id='word_1_72' title='bbox 329 1500 386 1568; x_wconf 85' lang='lat' dir='ltr'>est,</span> <span class='ocrx_word' id='word_1_73' title='bbox 423 1489 509 1570; x_wconf 90' lang='lat' dir='ltr'>apud</span> <span class='ocrx_word' id='word_1_74' title='bbox 545 1508 597 1550; x_wconf 89' lang='lat' dir='ltr'>me</span> <span class='ocrx_word' id='word_1_75' title='bbox 628 1510 690 1550; x_wconf 91' lang='lat' dir='ltr'>non</span> <span class='ocrx_word' id='word_1_76' title='bbox 721 1511 849 1571; x_wconf 88' lang='lat' dir='ltr'>prorsus</span> <span class='ocrx_word' id='word_1_77' title='bbox 881 1501 1007 1553; x_wconf 86' lang='lat' dir='ltr'>constat</span> <span class='ocrx_word' id='word_1_78' title='bbox 1031 1488 1069 1579; x_wconf 88' lang='lat' dir='ltr'>de</span> <span class='ocrx_word' id='word_1_79' title='bbox 1092 1490 1268 1571; x_wconf 88' lang='lat' dir='ltr'>corrigendi</span> <span class='ocrx_word' id='word_1_80' title='bbox 1293 1509 1399 1550; x_wconf 89' lang='lat' dir='ltr'>neces·</span> 
     </span>
    </p>
   </div>
   <div class='ocr_carea' id='block_1_4' title="bbox 323 1601 1400 4321">
    <p class='ocr_par' dir='ltr' id='par_1_4' title="bbox 325 1601 1400 3058">
     <span class='ocr_line' id='line_1_10' title="bbox 328 1601 1400 1688; baseline -0.002 -23"><span class='ocrx_word' id='word_1_81' title='bbox 328 1604 431 1665; x_wconf 84' lang='lat' dir='ltr'>sitate.</span> <span class='ocrx_word' id='word_1_82' title='bbox 456 1601 604 1664; x_wconf 85' lang='lat' dir='ltr'>Tandem</span> <span class='ocrx_word' id='word_1_83' title='bbox 628 1603 734 1665; x_wconf 83' lang='lat' dir='ltr'>citabo</span> <span class='ocrx_word' id='word_1_84' title='bbox 758 1602 850 1667; x_wconf 87' lang='lat' dir='ltr'><strong>Char.</strong></span> <span class='ocrx_word' id='word_1_85' title='bbox 879 1616 894 1682; x_wconf 84' lang='lat'><strong>5</strong></span> <span class='ocrx_word' id='word_1_86' title='bbox 915 1605 943 1665; x_wconf 86' lang='lat' dir='ltr'>in</span> <span class='ocrx_word' id='word_1_87' title='bbox 967 1603 1030 1665; x_wconf 87' lang='lat' dir='ltr'>fine</span> <span class='ocrx_word' id='word_1_88' title='bbox 1050 1608 1125 1681; x_wconf 80' lang='grc' dir='ltr'><em>μίαν</em></span> <span class='ocrx_word' id='word_1_89' title='bbox 1145 1605 1283 1688; x_wconf 80' lang='grc' dir='ltr'><em>ἑκοὶτεμος</em></span> <span class='ocrx_word' id='word_1_90' title='bbox 1304 1605 1400 1687; x_wconf 81' lang='grc' dir='ltr'><em>ἀκμαν</em></span> 
     </span>
     <span class='ocr_line' id='line_1_11' title="bbox 328 1712 1399 1800; baseline 0 -22"><span class='ocrx_word' id='word_1_91' title='bbox 328 1715 560 1799; x_wconf 79' lang='grc' dir='ltr'><em>ἀπολαβόμενος</em></span> <span class='ocrx_word' id='word_1_92' title='bbox 591 1712 821 1798; x_wconf 67' lang='grc' dir='ltr'><em>καθεζώμεθα.</em></span> <span class='ocrx_word' id='word_1_93' title='bbox 845 1718 924 1782; x_wconf 88' lang='lat' dir='ltr'>Cob.</span> <span class='ocrx_word' id='word_1_94' title='bbox 955 1719 995 1781; x_wconf 91' lang='lat' dir='ltr'>V.</span> <span class='ocrx_word' id='word_1_95' title='bbox 1017 1719 1054 1780; x_wconf 90' lang='lat' dir='ltr'>L.</span> <span class='ocrx_word' id='word_1_96' title='bbox 1079 1739 1133 1800; x_wconf 88' lang='lat' dir='ltr'>pg.</span> <span class='ocrx_word' id='word_1_97' title='bbox 1159 1719 1222 1798; x_wconf 85' lang='lat'>316</span> <span class='ocrx_word' id='word_1_98' title='bbox 1244 1727 1276 1780; x_wconf 87' lang='lat' dir='ltr'>et</span> <span class='ocrx_word' id='word_1_99' title='bbox 1300 1718 1399 1779; x_wconf 85' lang='lat' dir='ltr'>Fritz-</span> 
     </span>
     <span class='ocr_line' id='line_1_12' title="bbox 328 1828 1399 1915; baseline 0.002 -23"><span class='ocrx_word' id='word_1_100' title='bbox 328 1828 434 1893; x_wconf 87' lang='lat' dir='ltr'>schius</span> <span class='ocrx_word' id='word_1_101' title='bbox 458 1852 500 1893; x_wconf 89' lang='lat' dir='ltr'>ex</span> <span class='ocrx_word' id='word_1_102' title='bbox 520 1831 641 1913; x_wconf 87' lang='lat' dir='ltr'>aliquot</span> <span class='ocrx_word' id='word_1_103' title='bbox 660 1831 746 1894; x_wconf 90' lang='lat' dir='ltr'>libris</span> <span class='ocrx_word' id='word_1_104' title='bbox 766 1843 972 1895; x_wconf 86' lang='lat' dir='ltr'>correxerunt</span> <span class='ocrx_word' id='word_1_105' title='bbox 993 1832 1221 1915; x_wconf 71' lang='grc' dir='ltr'><em>ἐπιλαβόμενοι,</em></span> <span class='ocrx_word' id='word_1_106' title='bbox 1235 1842 1399 1915; x_wconf 81' lang='lat' dir='ltr'>praeterea</span> 
     </span>
     <span class='ocr_line' id='line_1_13' title="bbox 327 1945 1397 2030; baseline 0.001 -24"><span class='ocrx_word' id='word_1_107' title='bbox 327 1945 377 2007; x_wconf 87' lang='lat' dir='ltr'>ille</span> <span class='ocrx_word' id='word_1_108' title='bbox 411 1946 507 2030; x_wconf 78' lang='grc' dir='ltr'><em>ἀκμας</em></span> <span class='ocrx_word' id='word_1_109' title='bbox 535 1945 670 2028; x_wconf 85' lang='lat' dir='ltr'>flagitat,</span> <span class='ocrx_word' id='word_1_110' title='bbox 702 1947 757 2009; x_wconf 91' lang='lat' dir='ltr'>sed</span> <span class='ocrx_word' id='word_1_111' title='bbox 781 1946 973 2010; x_wconf 86' lang='lat' dir='ltr'>Fritzschius</span> <span class='ocrx_word' id='word_1_112' title='bbox 997 1948 1073 2026; x_wconf 84' lang='lat' dir='ltr'>iure,</span> <span class='ocrx_word' id='word_1_113' title='bbox 1099 1957 1133 2010; x_wconf 84' lang='lat' dir='ltr'>ut</span> <span class='ocrx_word' id='word_1_114' title='bbox 1158 1946 1233 2008; x_wconf 94' lang='lat' dir='ltr'>mihi</span> <span class='ocrx_word' id='word_1_115' title='bbox 1256 1947 1397 2008; x_wconf 88' lang='lat' dir='ltr'>videtur:</span> 
     </span>
     <span class='ocr_line' id='line_1_14' title="bbox 332 2058 1397 2143; baseline -0.001 -22"><span class='ocrx_word' id='word_1_116' title='bbox 332 2081 411 2141; x_wconf 80' lang='lat' dir='ltr'>„ego</span> <span class='ocrx_word' id='word_1_117' title='bbox 456 2062 586 2123; x_wconf 86' lang='lat' dir='ltr'>Atticos</span> <span class='ocrx_word' id='word_1_118' title='bbox 630 2058 907 2143; x_wconf 68' lang='grc' dir='ltr'><em>ἑπιλαμβοόνεσθαί</em></span> <span class='ocrx_word' id='word_1_119' title='bbox 947 2086 1022 2134; x_wconf 88' lang='grc' dir='ltr'><em>τινος</em></span> <span class='ocrx_word' id='word_1_120' title='bbox 1057 2064 1100 2125; x_wconf 87' lang='lat' dir='ltr'>ita</span> <span class='ocrx_word' id='word_1_121' title='bbox 1136 2072 1262 2124; x_wconf 84' lang='lat' dir='ltr'>tantum</span> <span class='ocrx_word' id='word_1_122' title='bbox 1306 2060 1397 2122; x_wconf 90' lang='lat' dir='ltr'>video</span> 
     </span>
     <span class='ocr_line' id='line_1_15' title="bbox 326 2173 1399 2258; baseline 0.001 -24"><span class='ocrx_word' id='word_1_123' title='bbox 326 2173 453 2249; x_wconf 85' lang='lat' dir='ltr'><strong>dixisse,</strong></span> <span class='ocrx_word' id='word_1_124' title='bbox 490 2184 525 2236; x_wconf 90' lang='lat' dir='ltr'>ut</span> <span class='ocrx_word' id='word_1_125' title='bbox 554 2174 585 2235; x_wconf 95' lang='lat' dir='ltr'>id</span> <span class='ocrx_word' id='word_1_126' title='bbox 615 2175 745 2257; x_wconf 91' lang='lat' dir='ltr'>quidem</span> <span class='ocrx_word' id='word_1_127' title='bbox 777 2177 834 2238; x_wconf 87' lang='lat' dir='ltr'>sit:</span> <span class='ocrx_word' id='word_1_128' title='bbox 866 2197 932 2238; x_wconf 92' lang='lat' dir='ltr'>rem</span> <span class='ocrx_word' id='word_1_129' title='bbox 966 2198 1063 2239; x_wconf 87' lang='lat' dir='ltr'>manu</span> <span class='ocrx_word' id='word_1_130' title='bbox 1085 2175 1281 2258; x_wconf 89' lang='lat' dir='ltr'>prehendere</span> <span class='ocrx_word' id='word_1_131' title='bbox 1290 2196 1297 2253; x_wconf 91' lang='lat'>;</span> <span class='ocrx_word' id='word_1_132' title='bbox 1322 2195 1399 2236; x_wconf 83' lang='lat' dir='ltr'>sane</span> 
     </span>
     <span class='ocr_line' id='line_1_16' title="bbox 327 2288 1398 2371; baseline 0.001 -22"><span class='ocrx_word' id='word_1_133' title='bbox 327 2288 454 2350; x_wconf 89' lang='lat' dir='ltr'>mallem</span> <span class='ocrx_word' id='word_1_134' title='bbox 498 2289 640 2352; x_wconf 86' lang='lat' dir='ltr'>Cobetus</span> <span class='ocrx_word' id='word_1_135' title='bbox 675 2291 718 2353; x_wconf 86' lang='lat' dir='ltr'>ita</span> <span class='ocrx_word' id='word_1_136' title='bbox 752 2291 932 2369; x_wconf 84' lang='lat' dir='ltr'>iudicasset,</span> <span class='ocrx_word' id='word_1_137' title='bbox 964 2302 1088 2354; x_wconf 86' lang='lat' dir='ltr'>veteres</span> <span class='ocrx_word' id='word_1_138' title='bbox 1124 2291 1254 2354; x_wconf 87' lang='lat' dir='ltr'>Atticos</span> <span class='ocrx_word' id='word_1_139' title='bbox 1291 2290 1398 2371; x_wconf 88' lang='lat' dir='ltr'>potius</span> 
     </span>
     <span class='ocr_line' id='line_1_17' title="bbox 326 2403 1398 2490; baseline 0.001 -27"><span class='ocrx_word' id='word_1_140' title='bbox 326 2403 431 2463; x_wconf 81' lang='lat' dir='ltr'>activo</span> <span class='ocrx_word' id='word_1_141' title='bbox 463 2424 575 2465; x_wconf 90' lang='lat' dir='ltr'>usuros</span> <span class='ocrx_word' id='word_1_142' title='bbox 608 2403 702 2466; x_wconf 84' lang='lat' dir='ltr'>fuisse</span> <span class='ocrx_word' id='word_1_143' title='bbox 733 2407 829 2490; x_wconf 76' lang='grc' dir='ltr'><em>ἀκμαν</em></span> <span class='ocrx_word' id='word_1_144' title='bbox 852 2405 1058 2488; x_wconf 80' lang='grc' dir='ltr'><em>ἐπιλαβόντες,</em></span> <span class='ocrx_word' id='word_1_145' title='bbox 1084 2415 1117 2467; x_wconf 85' lang='lat' dir='ltr'>at</span> <span class='ocrx_word' id='word_1_146' title='bbox 1140 2405 1272 2466; x_wconf 88' lang='lat' dir='ltr'>seriores</span> <span class='ocrx_word' id='word_1_147' title='bbox 1296 2403 1398 2465; x_wconf 86' lang='lat' dir='ltr'>Attici</span> 
     </span>
     <span class='ocr_line' id='line_1_18' title="bbox 327 2517 1397 2603; baseline 0.001 -26"><span class='ocrx_word' id='word_1_148' title='bbox 327 2518 457 2578; x_wconf 87' lang='lat' dir='ltr'>omnino</span> <span class='ocrx_word' id='word_1_149' title='bbox 491 2518 531 2579; x_wconf 88' lang='lat' dir='ltr'>ad</span> <span class='ocrx_word' id='word_1_150' title='bbox 556 2520 659 2580; x_wconf 89' lang='lat' dir='ltr'>media</span> <span class='ocrx_word' id='word_1_151' title='bbox 682 2520 853 2582; x_wconf 90' lang='lat' dir='ltr'>verborum</span> <span class='ocrx_word' id='word_1_152' title='bbox 879 2518 1100 2603; x_wconf 81' lang='lat' dir='ltr'>propendent’&#39;</span> <span class='ocrx_word' id='word_1_153' title='bbox 1125 2540 1187 2600; x_wconf 76' lang='lat' dir='ltr'>eq</span> <span class='ocrx_word' id='word_1_154' title='bbox 1209 2539 1233 2579; x_wconf 83' lang='grc' dir='ltr'>ε.</span> <span class='ocrx_word' id='word_1_155' title='bbox 1258 2517 1397 2598; x_wconf 87' lang='lat' dir='ltr'>Compa-</span> 
     </span>
     <span class='ocr_line' id='line_1_19' title="bbox 326 2631 1396 2715; baseline 0 -23"><span class='ocrx_word' id='word_1_156' title='bbox 326 2633 386 2693; x_wconf 88' lang='lat' dir='ltr'>rari</span> <span class='ocrx_word' id='word_1_157' title='bbox 419 2639 529 2713; x_wconf 81' lang='lat' dir='ltr'>potest</span> <span class='ocrx_word' id='word_1_158' title='bbox 563 2633 617 2695; x_wconf 92' lang='lat' dir='ltr'>Bis</span> <span class='ocrx_word' id='word_1_159' title='bbox 653 2634 770 2697; x_wconf 87' lang='lat' dir='ltr'>Aecus.</span> <span class='ocrx_word' id='word_1_160' title='bbox 807 2653 828 2715; x_wconf 87' lang='lat'>9</span> <span class='ocrx_word' id='word_1_161' title='bbox 863 2638 912 2697; x_wconf 75' lang='grc' dir='ltr'><em>καὶ</em></span> <span class='ocrx_word' id='word_1_162' title='bbox 942 2635 976 2697; x_wconf 79' lang='grc' dir='ltr'>τό</span> <span class='ocrx_word' id='word_1_163' title='bbox 1007 2632 1060 2697; x_wconf 82' lang='grc' dir='ltr'>ἀπ’</span> <span class='ocrx_word' id='word_1_164' title='bbox 1093 2633 1200 2696; x_wconf 79' lang='grc' dir='ltr'><em>ἐκείνου</em></span> <span class='ocrx_word' id='word_1_165' title='bbox 1223 2631 1256 2694; x_wconf 85' lang='grc' dir='ltr'>τό</span> <span class='ocrx_word' id='word_1_166' title='bbox 1281 2632 1335 2693; x_wconf 77' lang='grc' dir='ltr'>ὑπὸ</span> <span class='ocrx_word' id='word_1_167' title='bbox 1359 2635 1396 2709; x_wconf 60' lang='grc' dir='ltr'>τῇ</span> 
     </span>
     <span class='ocr_line' id='line_1_20' title="bbox 326 2742 1397 2830; baseline -0.002 -23"><span class='ocrx_word' id='word_1_168' title='bbox 326 2742 482 2830; x_wconf 69' lang='grc' dir='ltr'><em>ἀκροπόλει</em></span> <span class='ocrx_word' id='word_1_169' title='bbox 514 2750 657 2823; x_wconf 73' lang='grc' dir='ltr'><em>σπήλαιον</em></span> <span class='ocrx_word' id='word_1_170' title='bbox 688 2751 775 2811; x_wconf 77' lang='grc' dir='ltr'><em>τοῦτο</em></span> <span class='ocrx_word' id='word_1_171' title='bbox 806 2745 1039 2830; x_wconf 71' lang='grc' dir='ltr'>ἀπολαβόμενος</span> <span class='ocrx_word' id='word_1_172' title='bbox 1070 2750 1151 2823; x_wconf 81' lang='grc' dir='ltr'>κτὲ.;</span> <span class='ocrx_word' id='word_1_173' title='bbox 1183 2748 1234 2810; x_wconf 90' lang='lat' dir='ltr'>hic</span> <span class='ocrx_word' id='word_1_174' title='bbox 1266 2765 1397 2827; x_wconf 88' lang='lat' dir='ltr'>quoque</span> 
     </span>
     <span class='ocr_line' id='line_1_21' title="bbox 326 2860 1396 2944; baseline -0.001 -22"><span class='ocrx_word' id='word_1_175' title='bbox 326 2860 528 2943; x_wconf 82' lang='lat' dir='ltr'>Fritzschius,</span> <span class='ocrx_word' id='word_1_176' title='bbox 551 2872 585 2925; x_wconf 90' lang='lat' dir='ltr'>ut</span> <span class='ocrx_word' id='word_1_177' title='bbox 606 2884 664 2944; x_wconf 86' lang='lat' dir='ltr'>par</span> <span class='ocrx_word' id='word_1_178' title='bbox 687 2874 744 2940; x_wconf 82' lang='lat' dir='ltr'>est,</span> <span class='ocrx_word' id='word_1_179' title='bbox 769 2864 910 2926; x_wconf 83' lang='lat' dir='ltr'>rescribit</span> <span class='ocrx_word' id='word_1_180' title='bbox 923 2863 1150 2944; x_wconf 77' lang='grc' dir='ltr'><em>ἐπιλαβόμενος,</em></span> <span class='ocrx_word' id='word_1_181' title='bbox 1165 2861 1308 2926; x_wconf 88' lang='lat' dir='ltr'>Cobetus</span> <span class='ocrx_word' id='word_1_182' title='bbox 1321 2881 1396 2922; x_wconf 87' lang='lat' dir='ltr'>vero</span> 
     </span>
     <span class='ocr_line' id='line_1_22' title="bbox 325 2976 1394 3058; baseline 0 -21"><span class='ocrx_word' id='word_1_183' title='bbox 325 2977 364 3038; x_wconf 93' lang='lat' dir='ltr'>V.</span> <span class='ocrx_word' id='word_1_184' title='bbox 380 2976 417 3037; x_wconf 94' lang='lat' dir='ltr'>L.</span> <span class='ocrx_word' id='word_1_185' title='bbox 442 2997 495 3058; x_wconf 86' lang='lat' dir='ltr'>pg.</span> <span class='ocrx_word' id='word_1_186' title='bbox 521 2976 584 3038; x_wconf 88' lang='lat'>266</span> <span class='ocrx_word' id='word_1_187' title='bbox 607 2977 875 3058; x_wconf 89' lang='grc' dir='ltr'><em>καταλαβόμενος,</em></span> <span class='ocrx_word' id='word_1_188' title='bbox 900 2979 955 3058; x_wconf 88' lang='lat' dir='ltr'>qui</span> <span class='ocrx_word' id='word_1_189' title='bbox 979 2978 1074 3058; x_wconf 84' lang='lat' dir='ltr'>igitur</span> <span class='ocrx_word' id='word_1_190' title='bbox 1094 2977 1152 3038; x_wconf 91' lang='lat' dir='ltr'>sibi</span> <span class='ocrx_word' id='word_1_191' title='bbox 1176 2996 1240 3037; x_wconf 87' lang='lat' dir='ltr'>non</span> <span class='ocrx_word' id='word_1_192' title='bbox 1260 2983 1394 3037; x_wconf 85' lang='lat' dir='ltr'>constat.</span> 
     </span>
    </p>

    <p class='ocr_par' dir='ltr' id='par_1_5' title="bbox 330 3087 1394 3270">
     <span class='ocr_line' id='line_1_23' title="bbox 370 3087 1394 3177; baseline -0.003 -25"><span class='ocrx_word' id='word_1_193' title='bbox 370 3091 489 3152; x_wconf 88' lang='lat' dir='ltr'>Activa</span> <span class='ocrx_word' id='word_1_194' title='bbox 525 3091 613 3152; x_wconf 88' lang='lat' dir='ltr'>verbi</span> <span class='ocrx_word' id='word_1_195' title='bbox 645 3092 745 3153; x_wconf 83' lang='lat' dir='ltr'>forma</span> <span class='ocrx_word' id='word_1_196' title='bbox 777 3089 1027 3177; x_wconf 85' lang='grc' dir='ltr'><em>(ε’πιλαμβοόνειν)</em></span> <span class='ocrx_word' id='word_1_197' title='bbox 1058 3090 1174 3171; x_wconf 86' lang='lat' dir='ltr'>legitur</span> <span class='ocrx_word' id='word_1_198' title='bbox 1204 3091 1274 3170; x_wconf 90' lang='lat' dir='ltr'>Jov.</span> <span class='ocrx_word' id='word_1_199' title='bbox 1297 3087 1394 3170; x_wconf 83' lang='lat' dir='ltr'>Trag.</span> 
     </span>
     <span class='ocr_line' id='line_1_24' title="bbox 330 3205 635 3270; baseline 0.003 -3"><span class='ocrx_word' id='word_1_200' title='bbox 330 3221 363 3267; x_wconf 90' lang='lat'>11</span> <span class='ocrx_word' id='word_1_201' title='bbox 392 3216 424 3268; x_wconf 87' lang='lat' dir='ltr'>et</span> <span class='ocrx_word' id='word_1_202' title='bbox 448 3205 583 3270; x_wconf 85' lang='lat' dir='ltr'>Conviv.</span> <span class='ocrx_word' id='word_1_203' title='bbox 606 3208 635 3268; x_wconf 89' lang='lat'>8.</span> 
     </span>
    </p>

    <p class='ocr_par' dir='ltr' id='par_1_6' title="bbox 325 3316 1394 3630">
     <span class='ocr_line' id='line_1_25' title="bbox 369 3316 1394 3404; baseline -0.004 -22"><span class='ocrx_word' id='word_1_204' title='bbox 369 3318 404 3382; x_wconf 89' lang='lat' dir='ltr'>C.</span> <span class='ocrx_word' id='word_1_205' title='bbox 440 3337 492 3397; x_wconf 91' lang='lat'>41.</span> <span class='ocrx_word' id='word_1_206' title='bbox 526 3316 662 3400; x_wconf 72' lang='grc' dir='ltr'><em>ζκτοῦοιν</em></span> <span class='ocrx_word' id='word_1_207' title='bbox 685 3323 768 3389; x_wconf 81' lang='grc' dir='ltr'><em>ὅπως</em></span> <span class='ocrx_word' id='word_1_208' title='bbox 799 3320 889 3404; x_wconf 61' lang='lat' dir='ltr'>§ipim</span> <span class='ocrx_word' id='word_1_209' title='bbox 920 3317 1096 3381; x_wconf 76' lang='grc' dir='ltr'><em>ἀπολέσωσι.</em></span> <span class='ocrx_word' id='word_1_210' title='bbox 1127 3318 1231 3382; x_wconf 89' lang='lat' dir='ltr'>Credo</span> <span class='ocrx_word' id='word_1_211' title='bbox 1253 3318 1394 3380; x_wconf 87' lang='lat' dir='ltr'>futurum</span> 
     </span>
     <span class='ocr_line' id='line_1_26' title="bbox 325 3433 1394 3516; baseline 0.001 -22"><span class='ocrx_word' id='word_1_212' title='bbox 325 3453 394 3494; x_wconf 90' lang='lat' dir='ltr'>esse</span> <span class='ocrx_word' id='word_1_213' title='bbox 424 3435 653 3515; x_wconf 89' lang='lat' dir='ltr'>reponendum.</span> <span class='ocrx_word' id='word_1_214' title='bbox 686 3434 731 3498; x_wconf 89' lang='lat' dir='ltr'>Cf.</span> <span class='ocrx_word' id='word_1_215' title='bbox 761 3435 791 3495; x_wconf 90' lang='lat' dir='ltr'>in</span> <span class='ocrx_word' id='word_1_216' title='bbox 811 3433 873 3496; x_wconf 88' lang='lat' dir='ltr'>hoc</span> <span class='ocrx_word' id='word_1_217' title='bbox 896 3435 965 3516; x_wconf 89' lang='lat' dir='ltr'>ipso</span> <span class='ocrx_word' id='word_1_218' title='bbox 988 3433 1069 3515; x_wconf 84' lang='lat' dir='ltr'>libro</span> <span class='ocrx_word' id='word_1_219' title='bbox 1093 3454 1118 3495; x_wconf 88' lang='lat' dir='ltr'>c.</span> <span class='ocrx_word' id='word_1_220' title='bbox 1144 3448 1173 3513; x_wconf 88' lang='lat'>7,</span> <span class='ocrx_word' id='word_1_221' title='bbox 1199 3435 1228 3510; x_wconf 89' lang='lat'>8,</span> <span class='ocrx_word' id='word_1_222' title='bbox 1255 3451 1307 3513; x_wconf 83' lang='lat'>34,</span> <span class='ocrx_word' id='word_1_223' title='bbox 1334 3450 1394 3515; x_wconf 82' lang='lat'>39;</span> 
     </span>
     <span class='ocr_line' id='line_1_27' title="bbox 325 3548 929 3630; baseline 0.003 -22"><span class='ocrx_word' id='word_1_224' title='bbox 325 3558 490 3628; x_wconf 87' lang='lat' dir='ltr'>praeterea</span> <span class='ocrx_word' id='word_1_225' title='bbox 513 3548 593 3612; x_wconf 90' lang='lat' dir='ltr'>Cob.</span> <span class='ocrx_word' id='word_1_226' title='bbox 619 3548 658 3610; x_wconf 92' lang='lat' dir='ltr'>V.</span> <span class='ocrx_word' id='word_1_227' title='bbox 672 3548 709 3609; x_wconf 95' lang='lat' dir='ltr'>L.</span> <span class='ocrx_word' id='word_1_228' title='bbox 736 3570 790 3630; x_wconf 83' lang='lat' dir='ltr'>pg.</span> <span class='ocrx_word' id='word_1_229' title='bbox 816 3550 859 3630; x_wconf 86' lang='lat'>96</span> <span class='ocrx_word' id='word_1_230' title='bbox 882 3569 929 3630; x_wconf 89' lang='lat' dir='ltr'>sq.</span> 
     </span>
    </p>

    <p class='ocr_par' dir='ltr' id='par_1_7' title="bbox 370 3662 997 3727">
     <span class='ocr_line' id='line_1_28' title="bbox 370 3662 997 3727; baseline 0.002 -3"><span class='ocrx_word' id='word_1_231' title='bbox 370 3663 443 3725; x_wconf 71' lang='lat' dir='ltr'>Pro</span> <span class='ocrx_word' id='word_1_232' title='bbox 466 3663 584 3726; x_wconf 79' lang='lat' dir='ltr'>LAPso</span> <span class='ocrx_word' id='word_1_233' title='bbox 607 3677 715 3725; x_wconf 74' lang='lat' dir='ltr'>mrim</span> <span class='ocrx_word' id='word_1_234' title='bbox 738 3662 997 3727; x_wconf 82' lang='lat' dir='ltr'><strong>SALUTANDUM.</strong></span> 
     </span>
    </p>

    <p class='ocr_par' dir='ltr' id='par_1_8' title="bbox 323 3776 1395 4321">
     <span class='ocr_line' id='line_1_29' title="bbox 369 3776 1395 3863; baseline -0.001 -23"><span class='ocrx_word' id='word_1_235' title='bbox 369 3776 404 3840; x_wconf 89' lang='lat' dir='ltr'>C.</span> <span class='ocrx_word' id='word_1_236' title='bbox 441 3779 470 3839; x_wconf 88' lang='lat'>8.</span> <span class='ocrx_word' id='word_1_237' title='bbox 507 3779 540 3840; x_wconf 79' lang='grc' dir='ltr'>τό</span> <span class='ocrx_word' id='word_1_238' title='bbox 575 3776 638 3863; x_wconf 67' lang='lat' dir='ltr'>wip</span> <span class='ocrx_word' id='word_1_239' title='bbox 673 3779 762 3848; x_wconf 83' lang='grc' dir='ltr'><em>οώονς</em></span> <span class='ocrx_word' id='word_1_240' title='bbox 796 3777 951 3856; x_wconf 60' lang='grc' dir='ltr'><em>ἐπανήξειν</em></span> <span class='ocrx_word' id='word_1_241' title='bbox 974 3777 1033 3840; x_wconf 73' lang='grc' dir='ltr'>ἀπὸ</span> <span class='ocrx_word' id='word_1_242' title='bbox 1058 3783 1111 3854; x_wconf 73' lang='grc' dir='ltr'>τῆς</span> <span class='ocrx_word' id='word_1_243' title='bbox 1135 3778 1244 3858; x_wconf 73' lang='grc' dir='ltr'><em>μάχης</em></span> <span class='ocrx_word' id='word_1_244' title='bbox 1268 3779 1320 3853; x_wconf 66' lang='grc' dir='ltr'>ἤδη</span> <span class='ocrx_word' id='word_1_245' title='bbox 1344 3801 1395 3857; x_wconf 88' lang='grc' dir='ltr'>μοι</span> 
     </span>
     <span class='ocr_line' id='line_1_30' title="bbox 325 3891 1394 3971; baseline 0.001 -20"><span class='ocrx_word' id='word_1_246' title='bbox 325 3891 509 3971; x_wconf 76' lang='grc' dir='ltr'><em>όπέοχκται.</em></span> <span class='ocrx_word' id='word_1_247' title='bbox 533 3893 670 3955; x_wconf 81' lang='lat' dir='ltr'>Formas</span> <span class='ocrx_word' id='word_1_248' title='bbox 695 3897 776 3964; x_wconf 77' lang='grc' dir='ltr'><em>σῶος,</em></span> <span class='ocrx_word' id='word_1_249' title='bbox 801 3899 882 3965; x_wconf 77' lang='grc' dir='ltr'><em>σῶον,</em></span> <span class='ocrx_word' id='word_1_250' title='bbox 902 3895 991 3962; x_wconf 82' lang='grc' dir='ltr'><em>τώοος</em></span> <span class='ocrx_word' id='word_1_251' title='bbox 1011 3893 1154 3953; x_wconf 84' lang='lat' dir='ltr'>Luciano</span> <span class='ocrx_word' id='word_1_252' title='bbox 1167 3891 1394 3954; x_wconf 81' lang='lat' dir='ltr'>abiudicandas</span> 
     </span>
     <span class='ocr_line' id='line_1_31' title="bbox 324 4007 1394 4088; baseline 0.002 -21"><span class='ocrx_word' id='word_1_253' title='bbox 324 4028 393 4068; x_wconf 88' lang='lat' dir='ltr'>esse</span> <span class='ocrx_word' id='word_1_254' title='bbox 425 4028 558 4084; x_wconf 84' lang='lat' dir='ltr'>censeo;</span> <span class='ocrx_word' id='word_1_255' title='bbox 591 4007 689 4068; x_wconf 85' lang='lat' dir='ltr'>semel</span> <span class='ocrx_word' id='word_1_256' title='bbox 721 4009 901 4088; x_wconf 79' lang='lat' dir='ltr'>iterumque</span> <span class='ocrx_word' id='word_1_257' title='bbox 924 4028 999 4069; x_wconf 82' lang='lat' dir='ltr'>vera</span> <span class='ocrx_word' id='word_1_258' title='bbox 1022 4007 1122 4068; x_wconf 82' lang='lat' dir='ltr'>forma</span> <span class='ocrx_word' id='word_1_259' title='bbox 1146 4008 1274 4069; x_wconf 81' lang='lat' dir='ltr'>emersit</span> <span class='ocrx_word' id='word_1_260' title='bbox 1296 4007 1394 4070; x_wconf 85' lang='lat' dir='ltr'>veluti</span> 
     </span>
     <span class='ocr_line' id='line_1_32' title="bbox 323 4116 1394 4206; baseline -0.003 -23"><span class='ocrx_word' id='word_1_261' title='bbox 323 4122 445 4184; x_wconf 84' lang='lat' dir='ltr'>Phalar.</span> <span class='ocrx_word' id='word_1_262' title='bbox 472 4123 501 4184; x_wconf 91' lang='grc' dir='ltr'>ΙΙ</span> <span class='ocrx_word' id='word_1_263' title='bbox 524 4142 545 4201; x_wconf 92' lang='lat'>4</span> <span class='ocrx_word' id='word_1_264' title='bbox 568 4116 822 4205; x_wconf 65' lang='grc' dir='ltr'><em>διαπεραιωθῆναι</em></span> <span class='ocrx_word' id='word_1_265' title='bbox 846 4127 1000 4206; x_wconf 69' lang='grc' dir='ltr'><em>παρέσχεν</em></span> <span class='ocrx_word' id='word_1_266' title='bbox 1024 4119 1194 4190; x_wconf 75' lang='grc' dir='ltr'><em>αὐτοῖςκαὶ</em></span> <span class='ocrx_word' id='word_1_267' title='bbox 1213 4119 1269 4190; x_wconf 74' lang='grc' dir='ltr'>πῶς</span> <span class='ocrx_word' id='word_1_268' title='bbox 1291 4125 1320 4190; x_wconf 85' lang='grc' dir='ltr'>ε“ς</span> <span class='ocrx_word' id='word_1_269' title='bbox 1340 4122 1394 4197; x_wconf 73' lang='grc' dir='ltr'>τὴν</span> 
     </span>
     <span class='ocr_line' id='line_1_33' title="bbox 324 4233 1394 4321; baseline -0.003 -23"><span class='ocrx_word' id='word_1_270' title='bbox 324 4235 442 4321; x_wconf 64' lang='grc' dir='ltr'><em>Κίμμαν</em></span> <span class='ocrx_word' id='word_1_271' title='bbox 466 4241 609 4320; x_wconf 70' lang='grc' dir='ltr'><em>κατάμαι.</em></span> <span class='ocrx_word' id='word_1_272' title='bbox 634 4234 817 4296; x_wconf 79' lang='lat' dir='ltr'>Diridorfius</span> <span class='ocrx_word' id='word_1_273' title='bbox 837 4237 992 4317; x_wconf 83' lang='lat' dir='ltr'>corrigere</span> <span class='ocrx_word' id='word_1_274' title='bbox 1012 4235 1093 4297; x_wconf 82' lang='lat' dir='ltr'>solet</span> <span class='ocrx_word' id='word_1_275' title='bbox 1113 4234 1153 4320; x_wconf 84' lang='lat' dir='ltr'>(e.</span> <span class='ocrx_word' id='word_1_276' title='bbox 1168 4256 1197 4316; x_wconf 86' lang='lat' dir='ltr'>g.</span> <span class='ocrx_word' id='word_1_277' title='bbox 1221 4236 1339 4296; x_wconf 87' lang='lat' dir='ltr'>Abdic.</span> <span class='ocrx_word' id='word_1_278' title='bbox 1362 4233 1394 4319; x_wconf 83' lang='lat'>5)</span> 
     </span>
    </p>
   </div>
   <div class='ocr_carea' id='block_1_5' title="bbox 0 0 1732 5332">
    <p class='ocr_par' dir='ltr' id='par_1_9' title="bbox 0 0 1732 5332">
     <span class='ocr_line' id='line_1_34' title="bbox 0 0 1732 5332; baseline 0 2"><span class='ocrx_word' id='word_1_279' title='bbox 0 0 1732 5332; x_wconf 95' lang='lat' dir='ltr'> </span> 
     </span>
    </p>
   </div>
  </div>
 </body>
</html>
