3120 5160
755 510 796 574 34

238 696 306 750 erat
329 688 360 748 in
384 687 512 748 civitate
532 683 842 766 Lychnopolitarum
864 703 1076 764 permagnum
1097 683 1192 744 luisse
1212 684 1315 744 tenui-

239 821 340 877 orum,
374 800 588 882 perexiguum
620 819 697 860 vero
726 799 861 860 divitum
891 797 1174 878 potentiorumque
1197 797 1315 857 civium

239 911 440 976 numerum.''
486 910 611 993 Lychni
648 911 689 972 illi
723 911 965 993 quodammodo
1001 908 1169 972 hominum
1207 918 1315 990 partes

238 1038 341 1110 agunt
371 1038 404 1091 et
427 1029 589 1090 civitatem
613 1026 768 1102 efficiunt;
793 1027 901 1106 itaque
924 1025 1021 1086 etiam
1044 1025 1074 1085 in
1095 1044 1132 1085 ea
1155 1043 1316 1105 pauperes

239 1153 272 1206 et
287 1143 406 1217 divites
430 1143 638 1204 inveniuntur.
672 1141 770 1222 Aptis
793 1149 892 1220 atque
915 1139 1048 1220 propriis
1083 1138 1188 1200 verbis
1212 1139 1312 1219 scrip·

239 1267 290 1319 tor
323 1257 481 1338 expressit
515 1254 706 1337 lychnorum
740 1264 888 1316 naturam
919 1254 1046 1334 igneam
1070 1263 1102 1314 et
1126 1250 1314 1327 humanam,

239 1391 314 1432 nam
347 1379 380 1432 et
410 1371 499 1451 ignes
530 1379 604 1430 sunt
635 1373 772 1452 λαμπροί
792 1378 824 1430 et
849 1364 1021 1452 περιφανεῖς
1044 1377 1076 1430 et
1098 1366 1244 1429 homines
1269 1365 1316 1429 ita

240 1487 299 1548 dici
333 1495 478 1567 possunt.
514 1485 658 1547 Profecto
692 1482 791 1545 homo
826 1484 884 1547 fuit
918 1477 1032 1546 acutus
1066 1484 1121 1563 qui
1155 1481 1217 1544 hoc
1250 1502 1315 1542 non

239 1600 395 1663 intellexit
430 1611 462 1662 et
496 1600 536 1661 de
570 1620 628 1660 suo
664 1598 785 1660 addidit
816 1599 960 1679 ineptum
995 1602 1053 1659 τῶν
1084 1597 1235 1676 ραεγοὶλων
1264 1598 1318 1657 καὶ

240 1717 383 1796 δυνατῶν,
420 1716 511 1797 quasi
547 1725 580 1776 et
610 1714 661 1775 alii
690 1715 775 1775 cives
799 1722 905 1775 essent
928 1722 1053 1794 praeter
1075 1710 1211 1792 lychnos
1234 1710 1314 1773 illos.

240 1832 406 1893 Praeterea
437 1829 568 1891 conferri
598 1838 706 1910 potest
735 1829 862 1889 Timon.
889 1840 940 1909 25,
965 1827 1018 1888 ubi
1043 1827 1139 1889 etiam
1163 1825 1259 1903 ὀλίγοι
1283 1835 1316 1888 et

241 1951 373 2007 πλεῖστοι
404 1944 463 2005 sibi
494 1954 719 2024 opponuntur:
745 1939 913 2026 τοιγαροῦν,
937 1942 994 2004 οἵτε
1014 1948 1072 2004 τῶν
1096 1941 1152 2020 μὲν
1177 1937 1316 2018 ἀγαθῶν

240 2059 350 2137 ὀλίγων
385 2063 484 2130 ὄντων,
520 2064 646 2141 τονιρρῶν
681 2057 711 2118 δὲ
742 2060 888 2118 πλείστων
912 2056 954 2139 [ἐν
978 2063 1047 2126 ταῖς
1071 2061 1172 2119 πόλεσι
1196 2059 1231 2119 τὸ
1255 2061 1316 2118 τᾶν
1406 2111 1409 2115 .

242 2171 436 2254 intexantur]
460 2174 532 2257 ροῖον
556 2171 585 2242 ἐς
610 2172 676 2241 τούς
701 2173 848 2241 τοιούτους
862 2169 1000 2249 ἐμπίπτον
1013 2173 1124 2255 περιιὼν
1143 2173 1196 2232 καὶ
1213 2192 1315 2248 τοιγα-

242 2290 365 2366 νεύομαι
383 2286 451 2371 πρὸς
475 2283 583 2362 αὐτῶν,
609 2285 662 2346 ubi
686 2287 774 2347 uncis
799 2284 919 2346 inclusa
943 2285 1041 2347 verba
1064 2284 1180 2347 delevit
1204 2282 1315 2346 Wich-
1341 2365 1345 2374 .

243 2422 379 2463 mannus
401 2398 596 2463 assentiente
619 2399 778 2477 Mehlero;
804 2401 908 2460 minus
932 2410 1017 2462 recte
1041 2400 1116 2462 olim
1140 2400 1316 2462 Hartman-

243 2536 302 2576 nus
325 2517 471 2576 πλείστων
493 2514 662 2594 expunxit.

288 2627 323 2692 C.
350 2645 400 2706 31.
426 2623 459 2703 ἦν
482 2627 512 2688 δὲ
537 2628 606 2688 [δεῖν
629 2633 682 2689 καί
703 2631 787 2712 ὄρνεα
808 2626 851 2689 τοὶ
865 2624 1030 2690 θαλοὶττια
1043 2629 1107 2689 ατὲ.
1120 2627 1198 2690 Cod.
1212 2628 1313 2690 Mare.

243 2757 309 2821 434
342 2742 461 2804 omittit
496 2741 547 2813 τοί,
584 2751 690 2804 servat
726 2741 903 2818 Mehlerus;
937 2729 1048 2803 verum
1072 2742 1213 2803 videtur:
1239 2743 1312 2826 ἕρπ’

244 2856 329 2918 ι’ἑττα
354 2851 530 2918 θαλοὶττια.

288 2971 323 3034 C.
344 2987 396 3048 42.
418 2975 451 3032 οιῖ
467 2971 498 3032 δὲ
518 2974 620 3033 λοιταί
631 2974 768 3055 πρύμναν
780 2971 982 3055 αρονσοέραενοι,
996 2968 1129 3049 ἔφευγον
1145 3008 1177 3015 —
1197 2968 1314 3049 ὲΦνγον

244 3097 329 3147 rectc
359 3085 522 3147 Bekkcrus
554 3096 586 3147 et
608 3086 801 3148 Dindorfius.
826 3086 877 3147 De
900 3086 1004 3147 verbis
1028 3087 1166 3168 πρύμναν
1189 3085 1315 3170 κροντοέ-

245 3222 328 3277 μενοι
359 3220 510 3281 comparo
541 3199 680 3280 Thucyd
723 3201 737 3262 I
772 3212 812 3278 50
842 3203 894 3261 uoci
924 3202 950 3261 οῖ
981 3194 1139 3282 Κορίνθιοι
1175 3198 1315 3277 ἐξαπίνας

245 3319 383 3399 πρύμναν
418 3313 575 3399 ἐαρούοντο,
607 3315 647 3377 ad
680 3336 777 3397 quem
812 3315 918 3376 locum
954 3313 1141 3376 scholiasta:
1178 3316 1315 3399 πρύμναν

244 3424 409 3513 αρούεσθαί
438 3428 500 3492 ἐστι
531 3430 564 3492 τὸ
597 3430 668 3492 κατ’
694 3430 796 3508 ὀλίγον
818 3427 987 3514 ἀναχωρεῖν
1011 3432 1054 3508 μορ
1077 3431 1256 3514 στρέψαντα
1280 3431 1315 3493 τὸ

246 3549 354 3605 πλοῖον.
379 3543 538 3625 Equidem
565 3544 667 3606 nullus
691 3545 803 3606 dubito
828 3546 902 3625 quin
926 3544 1133 3625 Thucydides
1157 3546 1315 3626 scripserit

245 3660 383 3743 πρύμναν
418 3655 651 3743 (ἀν)εαρούοντο,
687 3680 769 3739 quae
800 3660 936 3721 mutatio
967 3669 1015 3720 est
1047 3659 1214 3734 levissima,
1239 3660 1315 3739 quin

247 3772 341 3849 nulla,
378 3775 434 3834 sed
468 3772 638 3836 scholiasta
658 3773 687 3850 ¹)
724 3775 786 3835 iam
818 3773 908 3835 aliter
942 3772 1027 3854 legit,
1064 3771 1147 3834 unde
1182 3783 1315 3854 apparet

246 3887 369 3963 vitium,
404 3888 429 3948 si
464 3888 594 3968 quidem
625 3888 737 3950 vitium
769 3898 827 3963 est,
859 3908 928 3948 esse
959 3888 1227 3967 antiquissimum.
1252 3886 1316 3950 Cur

246 4054 390 4064 --—-—-

283 4162 300 4220 Ι)
328 4163 436 4211 Steinins
463 4164 494 4211 nd
519 4164 642 4214 llemdot.
670 4162 732 4210 Vlll
751 4161 783 4223 84
800 4163 848 4209 hoc
866 4161 979 4209 scholion
998 4160 1077 4208 citans
1094 4163 1178 4209 nescio
1196 4178 1245 4225 quo
1264 4163 1315 4210 iure

246 4245 307 4307 legit
327 4246 429 4312 πρύμναν
448 4247 621 4312 ἀνακροΐιεοθαι.
