3456 5332
979 681 1019 759 78

463 872 535 935 ἀλλ’
561 871 591 936 ἒν
613 874 760 943 τοσούτοις
784 868 916 942 θεατοιῖς
938 873 990 933 καὶ
1013 871 1145 956 μάρτνσι
1164 874 1216 946 τῆς
1238 868 1358 955 ὕβρεως.
1370 867 1531 932 Mehlerus

462 997 556 1069 putat
584 985 686 1050 Thuc.
717 986 733 1048 Ι
762 987 783 1049 6
806 987 836 1057 ἐς
860 986 894 1049 τὸ
918 983 1046 1071 φοινερον
1070 984 1232 1055 ἀτοόύντες
1255 985 1360 1047 locum
1386 995 1531 1048 nostrum

463 1101 539 1162 satis
561 1101 659 1176 tueri;
679 1099 734 1161 sed
757 1098 785 1169 ἐς
807 1099 841 1162 τὸ
864 1095 992 1184 φοινερόν
1016 1097 1091 1160 nihil
1113 1098 1209 1160 distat
1233 1098 1274 1159 ab
1294 1098 1445 1160 adverbio
1467 1096 1532 1176 φοι-

463 1218 558 1298 νερῶς,
582 1214 618 1276 cf.
643 1214 772 1276 Lucian.
797 1213 838 1276 D.
863 1213 959 1274 Mort.
985 1213 1111 1274 XXVII
1136 1229 1152 1292 3
1178 1210 1207 1282 ἐς
1227 1212 1261 1275 τὸ
1282 1211 1477 1297 βαρβαρικόν,
1491 1211 1530 1295 Q

464 1328 547 1392 Hist.
580 1327 708 1392 Conscr.
743 1341 778 1406 51
814 1326 843 1397 ἐς
873 1331 966 1389 νοιλόν
996 1336 1028 1389 et
1058 1347 1131 1389 cum
1163 1326 1357 1418 superlativo
1388 1328 1530 1390 iunctum

464 1442 641 1504 sexcenties
666 1440 694 1512 ἐς
712 1444 749 1504 τό
770 1450 958 1522 usurpatum
981 1440 1137 1502 invenies:
1165 1439 1192 1510 ἐς
1214 1441 1248 1502 τὸ
1260 1437 1436 1526 ἀκρότατον,
1450 1441 1531 1526 ἀιιρι-

465 1554 628 1637 βέστατον,
664 1559 861 1630 λεπτότατον,
898 1554 1022 1631 ἣδιστον.
1053 1553 1104 1614 De
1134 1553 1313 1634 corruptela
1345 1563 1452 1615 autem
1477 1554 1532 1616 vix

465 1670 568 1732 ausim
592 1670 738 1751 cogitare.

509 1783 544 1849 C.
579 1785 618 1864 38
653 1784 740 1846 Leve
762 1783 890 1866 quidem
917 1793 976 1862 est,
1000 1783 1056 1845 sed
1079 1783 1236 1844 sententia
1259 1783 1428 1845 adiuvatur
1451 1783 1476 1843 si
1501 1784 1531 1843 in

466 1897 584 1977 medio¹
601 1897 705 1980 capite
735 1897 860 1959 scribis:
892 1899 945 1959 κοιὶ
974 1896 1072 1959 λοιτόν
1095 1895 1186 1966 οὐδεὶς
1209 1894 1247 1957 ἀν
1271 1899 1316 1958 ἔτι
1339 1900 1451 1959 τοιίσειε
1474 1917 1532 1978 pro

467 2011 565 2076 λοιπὸν
587 2015 649 2073 κοιί.

509 2126 564 2188 Da
587 2125 720 2188 LUCTU.

511 2239 545 2304 C.
579 2257 597 2301 2
626 2239 719 2302 οὐδενὶ
741 2239 775 2301 τὸ
799 2238 944 2323 τοιράτοιν
966 2241 1020 2313 τῆς
1043 2239 1104 2299 ἀνω
1129 2239 1195 2300 ὁδοῦ
1219 2235 1378 2317 ὑφιέμενον
1401 2240 1476 2315 πλήν
1500 2237 1534 2317 ἐξ

468 2354 602 2424 ἀτονντος
627 2357 681 2417 τοῦ
704 2352 805 2423 αἰῶνος
828 2352 907 2416 τάνιι
930 2352 1039 2430 ὀλίγων
1058 2351 1106 2415 ε’τί
1124 2356 1288 2432 μεγίσταις
1308 2353 1429 2423 σοι’τίοιις.
1442 2353 1534 2416 Pluto

466 2463 576 2548 paucis
606 2463 748 2544 exceptis
778 2472 810 2525 et
840 2456 968 2546 quidem
999 2463 1193 2544 gravissimis
1216 2462 1256 2524 de
1281 2463 1393 2544 causis,
1418 2463 1534 2524 nemini

467 2578 603 2641 reditum
638 2578 679 2640 ad
713 2597 845 2659 superos
880 2576 1033 2653 concedit.
1071 2577 1161 2639 Haec
1189 2586 1238 2638 est
1268 2577 1328 2638 loci
1359 2577 1533 2654 sententia,

468 2691 552 2754 unde
581 2701 714 2774 apparet
745 2687 905 2770 ὑφιέμενον
935 2711 1004 2752 esse
1027 2700 1229 2772 corruptum;
1254 2709 1311 2751 nec
1334 2689 1419 2751 aliud
1442 2690 1534 2771 quid-

472 2825 569 2887 quam
594 2803 644 2867 hic
667 2806 760 2868 scribi
783 2806 898 2887 potuit,
923 2825 1020 2886 quam
1046 2803 1181 2885 ἐφιέντα.

513 2921 776 2982 ΡΗιιοεεΕιιιιιῑε
791 2915 815 3004 ¹)
839 2931 916 2981 s1va
939 2919 1171 2982 INCREDULUS.

513 3031 549 3096 C.
589 3050 637 3112 13.
671 3030 732 3110 ἐγὼ
766 3031 798 3095 δὲ
827 3034 880 3095 κον)
910 3032 1001 3103 αὐτὸς
1024 3032 1216 3115 ἀπιστότερος
1239 3036 1277 3092 ὢν
1300 3054 1351 3095 σον
1373 3031 1471 3094 τάλοιι
1493 3029 1534 3094 τά

470 3149 599 3209 τοιαῦτα
623 3149 702 3226 ὅμως
725 3158 795 3208 κτλ.
818 3145 919 3210 Recte
941 3148 1081 3210 videram
1106 3149 1136 3209 in
1156 3147 1204 3211 his
1223 3149 1328 3211 verbis
1339 3147 1456 3228 aliquid
1467 3166 1536 3207 esse

469 3269 652 3342 peccatum;
686 3260 864 3322 facillimam
894 3259 1050 3323 medelam
1086 3259 1161 3323 mihi
1195 3261 1343 3324 indicavit
1376 3256 1536 3322 Mehlerus

470 3373 562 3436 scribi
584 3373 713 3435 iubens:
737 3372 829 3444 αὐτὸς
851 3377 906 3436 καί
925 3394 984 3455 pro
1008 3376 1060 3436 καὶ
1082 3373 1183 3445 οιάτός.
1207 3376 1315 3438 Potius
1337 3384 1444 3436 tamen
1468 3393 1536 3434 sus·

470 3489 558 3570 picor
591 3491 645 3550 νοιί
674 3507 716 3550 ex
739 3492 837 3551 καίτοι
859 3508 928 3550 esse
950 3499 1145 3571 corruptum,
1171 3499 1206 3551 ut
1227 3491 1323 3553 etiam
1347 3489 1465 3550 factum
1488 3496 1536 3549 est

470 3601 511 3663 de
543 3599 655 3664 Saltat.
693 3603 733 3682 83
768 3601 893 3686 καί(τοι)
925 3601 1055 3689 ἀκριβῶς
1085 3605 1215 3688 ὁρῶντες,
1248 3613 1283 3665 ut
1315 3603 1393 3665 vidit
1415 3600 1534 3664 Sbtius.

471 3715 542 3794 „Ita
572 3714 656 3777 enim
680 3725 715 3779 et
736 3715 772 3778 ct)
796 3716 853 3795 μέν
878 3751 914 3766 *
942 3715 1004 3795 ἐγὼ
1026 3716 1060 3778 δέ
1082 3727 1115 3780 et
1138 3721 1235 3780 κοιίτοι
1259 3753 1298 3763 -
1323 3719 1402 3796 ὅμως
1425 3715 1536 3776 melius

471 3828 530 3890 sibi
553 3838 767 3911 opponuntur.

516 3941 553 4007 C.
592 3942 640 4006 16.
672 3945 753 4015 ὅσους
782 3942 973 4029 σοιροιλοιβὼν
1002 3949 1252 4015 κοιτοιιιίττοντοις
1282 3944 1350 4029 πρὸς
1374 3944 1428 4022 τὴν
1450 3945 1536 4019 σελή-

475 4147 618 4161 —n

511 4271 531 4332 Ι)
551 4270 636 4335 Ipsum
653 4269 793 4319 Lucienum
809 4269 876 4319 hunc
892 4269 984 4319 librum
1001 4273 1139 4338 Φιλοψινδιϊς
1147 4273 1300 4338 inscripsisse
1309 4273 1460 4322 Rothsteinii
1470 4273 1537 4322 haud

472 4351 569 4401 incerta
586 4348 693 4414 suspicio
709 4356 755 4409 est,
772 4347 805 4411 Q.
822 4349 851 4399 L.
868 4364 910 4414 pg.
927 4347 951 4398 6.
969 4349 1008 4399 De
1025 4350 1131 4400 aliorum
1147 4351 1269 4401 librorum
1286 4354 1364 4402 titulis
1380 4353 1465 4402 confer
1481 4369 1538 4422 eunj

473 4428 695 4499 demas-ms
