3120 5160
751 514 793 578 73

242 689 298 774 21)
320 690 352 751 in
374 709 469 751 suum
492 709 584 751 usum
607 689 706 751 verba
724 689 856 751 Luciani
876 690 1043 764 convertit,
1064 708 1147 768 quae
1158 688 1309 770 leguntur

241 800 283 862 de
303 799 399 861 Merc.
424 797 525 862 Cond.
554 815 591 878 13
615 795 820 860 ἀποτείναντα
844 799 886 859 τὼ
910 797 982 860 πόδε
1002 792 1163 859 καθεύδειν
1184 808 1216 860 et
1236 800 1306 880 Jov.

242 913 338 994 Trag.
364 915 418 994 48,
441 913 588 974 addendo
611 911 669 983 τοῖς
691 917 798 998 χεῖρας
806 935 816 988 3
840 911 920 975 tales
943 912 1075 974 facetiae
1097 911 1240 974 Luciano
1263 914 1308 974 in-

242 1029 357 1110 dignae
378 1037 462 1090 sunt.

287 1141 321 1205 C.
353 1156 403 1221 27.
427 1144 479 1204 καὶ
501 1144 595 1226 μέχρι
617 1164 657 1220 γε
680 1145 729 1203 νῦν
751 1143 819 1204 οὔτε
842 1144 869 1204 οἱ
889 1143 979 1203 αὐτοὶ
999 1143 1125 1221 γνώμης
1149 1144 1308 1227 κρατοῦσιν

242 1258 310 1319 οὔτε
333 1254 432 1318 αὐτῶν
455 1257 472 1329 ἡ
494 1258 589 1336 τέχν4
613 1260 672 1336 μία
694 1253 850 1335 Φαίνεται.
875 1255 1097 1320 Hartmannus
1119 1253 1166 1320 St.
1189 1255 1239 1319 Cr.
1253 1277 1307 1337 pg.

242 1385 284 1450 77
314 1381 389 1452 post
414 1368 569 1457 κρατοῦσιν
592 1382 677 1433 recte
699 1372 829 1433 inseruit
850 1370 901 1432 ἀεί
920 1368 1004 1456 (coll.
1029 1369 1108 1433 Cob.
1134 1370 1174 1434 N.
1189 1370 1227 1432 L.
1252 1392 1308 1452 pg.

244 1483 334 1567 349),
364 1485 460 1546 miror
488 1494 596 1547 tamen
626 1484 705 1547 haec
736 1487 793 1547 viri
823 1485 909 1548 docti
931 1484 1045 1547 verba:
1070 1505 1155 1564 „non
1180 1485 1309 1546 memini

243 1619 294 1660 me
317 1619 451 1680 usquam
474 1599 579 1681 legere
601 1602 726 1679 γνώμης
748 1607 885 1685 κρατεῖν,
909 1601 1035 1662 videtur
1057 1610 1165 1662 tamen
1190 1600 1309 1682 signifi-

242 1732 329 1776 care:
360 1733 489 1775 causam
512 1734 604 1775 suam
627 1713 802 1777 obtinere.''
826 1714 941 1791 Facile,
966 1712 1081 1790 hercle,
1104 1714 1208 1790 credo,
1236 1735 1309 1776 nus-

241 1847 338 1908 quam
372 1825 434 1888 hoc
463 1827 536 1909 legi,
569 1849 644 1891 nam
673 1839 860 1910 corruptum
893 1839 942 1890 est
972 1848 1014 1891 ex
1044 1830 1154 1908 γνώμγ
1177 1834 1308 1914 κρατεῖν.

242 1940 288 2005 cf.
313 1941 431 2003 Herod.
456 1943 471 2003 Ι
493 1941 545 2003 61.

286 2054 320 2118 C.
347 2073 397 2134 31.
421 2052 524 2118 TTX.
548 2057 601 2117 aori
623 2059 707 2127 τίνας
726 2055 765 2118 alr
784 2057 872 2118 εἰπεῖν
891 2058 973 2134 ἔχοις
985 2052 1167 2134 Φιλοσόφους
1179 2078 1306 2142 παρασι-

241 2175 303 2231 τεῖν
327 2169 575 2244 σπουδάσαντας,
599 2167 708 2232 ΠΑΡ.
732 2170 869 2239 οὕστινας
892 2170 1005 2248 μέντοι,
1030 2167 1051 2230 ὧ
1075 2167 1237 2248 Τυχιάδη,
1261 2169 1309 2240 οὓς

241 2287 295 2347 καί
315 2284 351 2346 σι)
373 2286 550 2362 γιγνώσκων
571 2285 706 2363 ὑποκρίνγ
729 2282 851 2362 ἀγνοεῖν
874 2283 944 2368 πρὸς
968 2282 1026 2362 ἐμέ
1047 2292 1116 2344 κτλ.

285 2398 346 2460 Hic
380 2397 455 2484 mihi
485 2419 582 2480 quam
607 2400 749 2461 maxime
772 2397 917 2479 displicet
940 2398 1043 2477 μέντοι
1066 2398 1211 2458 additum
1235 2408 1309 2478 post

241 2514 376 2585 οὕστινας
384 2537 393 2588 ;
417 2515 680 2596 interrogativum
705 2533 882 2596 pronomen
905 2522 962 2574 aut
984 2512 1229 2592 nudeponitur,
1253 2523 1310 2574 aut

241 2627 374 2690 verbum
408 2628 502 2689 simul
534 2629 675 2704 iteratur,
712 2628 767 2690 sed
803 2638 966 2709 praeterea
996 2626 1070 2687 nihil
1102 2625 1236 2688 additur.
1262 2625 1308 2689 cf.

240 2741 343 2805 ParaS.
374 2760 385 2804 1
412 2746 488 2812 τίνος
511 2739 560 2805 οὖν
582 2744 704 2828 ἑτέρας,
736 2777 770 2790 -
797 2741 944 2812 Ἧστινσς
969 2743 1028 2822 (ita
1052 2761 1110 2824 pro
1134 2744 1210 2808 τίνος
1230 2758 1309 2803 corr.

241 2853 373 2938 Herm),
409 2856 509 2918 Arist.
547 2855 691 2918 Acharn.
720 2857 790 2934 106,
817 2871 889 2938 595,
917 2857 998 2918 Rau.
1028 2858 1086 2938 198
1124 2860 1187 2922 Au.
1217 2877 1309 2942 1499,

241 2972 312 3033 Pac.
336 2987 411 3052 701.
439 2985 530 3052 1255,
555 2973 635 3035 Plut.
662 2990 735 3052 349,
758 2973 833 3050 462,
858 2973 980 3034 Platon.
1006 2972 1167 3054 Eutyphr.
1188 2975 1256 3056 2Β,
1269 2973 1309 3036 D.

240 3085 335 3150 Mort.
360 3087 436 3148 VIII
464 3105 475 3148 1
503 3090 536 3148 τί
557 3084 758 3164 ἀγανακτεῖς,
782 3084 961 3165 ὧΚνιῆμων
969 3109 978 3160 ;
997 3088 1052 3147 ὅτι
1065 3083 1237 3163 ἀγανακτῶ
1245 3088 1311 3162 3ita

240 3198 401 3262 Mehlerus
442 3209 474 3262 et
515 3199 658 3263 Cobetus
692 3209 856 3280 expuncto
890 3195 1029 3279 πονθοίνγ
1063 3210 1137 3262 ante
1161 3203 1174 3262 ί
1199 3223 1239 3262 τι.
1263 3199 1309 3263 cf.

241 3325 403 3395 praeterea
436 3313 514 3377 Cob.
545 3316 586 3375 V.
611 3315 648 3375 L.
673 3335 723 3396 pgr
755 3331 825 3390 110,
849 3316 903 3395 qui
927 3314 1095 3376 nunnullos
1118 3315 1205 3376 locos
1224 3315 1310 3396 apud

240 3428 417 3490 Lucianum
442 3429 634 3510 depravatos
658 3429 805 3490 correxit.
829 3428 948 3489 Noster
970 3427 1058 3490 locus
1081 3429 1224 3490 facillime
1247 3448 1310 3490 res-

241 3545 311 3606 titui
334 3554 451 3626 potest,
476 3544 714 3625 transponendo
738 3544 842 3620 μέντοι
865 3553 939 3625 post
959 3544 1019 3613 οίίς.

286 3659 360 3720 Non
392 3659 461 3720 leve
491 3669 718 3739 argumentum
745 3666 856 3719 contra
878 3656 972 3719 huius
996 3656 1089 3719 libelli
1112 3659 1310 3738 genuitatem

242 3783 298 3849 est,
331 3774 418 3855 quod
452 3773 533 3835 dixit
568 3771 638 3835 Cob
685 3771 731 3835 Or
777 3772 816 3856 de
851 3772 894 3834 A.
930 3773 953 3832 Ι.
977 3793 1029 3853 pg.
1068 3773 1137 3848 118,
1168 3771 1310 3834 Luciano

242 3885 407 3968 indignum
456 3906 526 3948 esse
568 3886 701 3970 ὑπσκρίνγ
739 3906 797 3966 pro
834 3888 980 3967 προσποιῇ.
1015 3884 1060 3948 cf.
1096 3887 1192 3946 etiam
1228 3906 1310 3966 quae

242 4001 323 4063 dixit
358 4002 399 4062 ad
422 4022 449 4063 c.
479 4017 526 4071 11,
554 4017 606 4082 32,
629 4018 682 4079 43,
709 4012 748 4078 52

287 4113 321 4177 C.
356 4132 409 4194 43.
445 4118 532 4193 μόνος
566 4113 598 4175 δὲ
634 4114 792 4192 τολμήσας
824 4109 963 4192 ἐξελθεῖν
994 4113 1023 4184 ἐς
1054 4114 1108 4186 τὴν
1139 4113 1187 4176 ε’πί
1208 4113 1310 4192 Δηλίῳ

244 4228 364 4307 μα’χκν,
406 4230 419 4288 ὁ
458 4226 550 4305 σοφὸς
589 4225 688 4288 αὐτῶν
727 4224 889 4311 Σωκράτης
931 4224 1056 4306 Φεύγων
1091 4221 1214 4288 ἐκεῖθεν
1248 4225 1308 4291 ἀπὸ
