3456 5332
850 473 888 534 19

332 645 460 726 κνίμβην
493 650 561 732 νοεῖΙ
579 647 629 708 τὸν
665 644 826 717 Baitolo,
862 646 930 715 τούς
963 644 1074 707 ἐκείνων
1107 644 1248 727 ἰάμβους.
1280 647 1329 707 At
1351 645 1401 707 hic

332 779 461 840 quoque
491 771 636 823 extrema
667 761 764 822 verba
796 761 854 841 ipsi
878 761 1021 841 scriptori
1044 760 1152 822 deberi
1177 781 1280 842 nego;
1305 761 1401 841 paulo

332 873 517 934 eruditiores
551 874 695 936 homines
727 874 869 936 sciebant
899 874 957 935 hos
989 895 1058 936 esse
1086 874 1154 936 illos
1186 896 1206 936 a
1228 874 1401 955 Simonide,

333 987 537 1064 Archilocho,
564 988 768 1070 Hipponacte
792 989 913 1051 acerbis
937 990 1049 1050 iambis
1072 991 1200 1070 petitos.

377 1101 411 1165 C.
439 1118 489 1165 20.
515 1099 694 1181 Φιλαλήθνς
719 1126 753 1165 τε
777 1102 840 1188 γάρ
864 1106 916 1164 καὶ
941 1102 1181 1182 octauum-zai
1204 1100 1402 1177 Φιλαπλνὶνὸς

332 1218 385 1276 καὶ
410 1219 465 1277 ὅσα
489 1240 531 1294 τῳ
554 1213 716 1297 <behtlehem
739 1220 889 1296 ξυγγενῆ.
915 1218 1101 1279 Necessario
1126 1227 1200 1298 post
1222 1217 1285 1301 wip
1309 1212 1399 1300 (εἰμι)

332 1329 534 1390 inserendum
564 1331 706 1402 arbitror,
741 1343 776 1393 ut
807 1331 918 1412 capitis
950 1331 1037 1392 initio
1065 1330 1196 1411 legitur:
1221 1326 1402 1411 μισαλαζών

332 1443 403 1520 εἰμι.
427 1443 560 1525 Insuper
582 1444 773 1506 Paetzoltius
795 1443 897 1506 haesit
920 1445 950 1505 iu
975 1445 1102 1525 passivo
1122 1439 1292 1523 Φιλεῖσθκν,
1313 1443 1400 1525 quod

332 1556 417 1618 scioli
441 1554 608 1620 scribentis
630 1578 735 1620 errore
757 1579 775 1619 e
798 1556 897 1637 φιλεῖν
921 1556 983 1620 ἐστι
1006 1568 1207 1620 contractum
1228 1570 1343 1620 censet.

377 1671 571 1734 caraunus,

377 1786 411 1848 C.
442 1805 467 1849 1.
493 1785 506 1848 ὁ
529 1787 560 1848 δὲ
583 1788 676 1857 καλὸς
689 1789 759 1868 ἧμιν
771 1783 919 1866 κάγαθὸς
931 1788 1129 1873 νεκροπνμπὸς
1143 1772 1237 1874 ὥσπέρ
1250 1812 1294 1858 τις
1307 1791 1400 1858 ἄλλος

332 1905 384 1963 xxi
406 1901 497 1973 αὐτὸς
516 1903 550 1964 τὸ
574 1899 627 1979 τῆς
651 1904 711 1964 iiam
733 1899 849 1980 Λήθης
870 1904 941 1987 ὕδωρ
961 1906 1100 1974 πεπωκώς
1119 1905 1182 1966 κτὲ.
1207 1904 1400 1967 Fritzschius

331 2017 436 2079 locum
460 2018 504 2079 sic
528 2018 640 2080 edidit:
666 2019 760 2103 decep
783 2021 835 2079 καὶ
858 2017 949 2088 αὐτὸς
972 2023 1000 2080 εἴ
1020 2043 1065 2089 τις
1089 2021 1182 2090 ἄλλος
1205 2019 1265 2080 ἅνω
1289 2020 1322 2082 τὸ
1346 2023 1400 2094 τῆς

332 2127 449 2208 Λήθης
476 2132 548 2215 ὕδωρ
569 2134 717 2204 πεπωκώς,
742 2132 840 2194 verba
864 2135 892 2194 εἴ
911 2155 956 2202 τις
980 2135 1074 2202 ἄλλος
1097 2135 1157 2195 ν’ὶνω
1170 2133 1210 2195 ad
1223 2131 1398 2214 Sisyphum

330 2246 466 2307 reserens
500 2247 575 2328 „qui
609 2258 683 2328 post
719 2258 855 2310 mortem
889 2258 1071 2310 commeatu
1101 2249 1272 2331 impretato
1302 2246 1398 2309 fidem

330 2362 455 2424 Plutoni
486 2363 595 2424 datam
626 2363 775 2426 fefellerat
809 2364 849 2425 ad
881 2363 995 2424 inferos
1017 2364 1117 2425 redire
1139 2361 1287 2438 oblitus‚”
1309 2384 1399 2444 prae-

330 2490 416 2540 terea
447 2480 540 2562 decep
570 2479 780 2559 grammatice
811 2498 884 2539 cum
910 2478 1075 2560 participio
1099 2478 1268 2540 cohaerere
1292 2498 1399 2540 neces·

329 2595 445 2655 sarium
471 2604 598 2674 putans
623 2592 684 2654 hoc
707 2593 836 2673 quidem
849 2592 990 2673 probans
1002 2594 1045 2656 A.
1059 2593 1173 2655 Baario
1189 2594 1221 2675 ⁴),
1235 2593 1289 2674 qui
1301 2592 1398 2654 verba

329 2730 374 2776 τις
406 2708 499 2776 ἄλλος
531 2710 584 2768 καὶ
614 2705 704 2775 αὐτός
736 2726 795 2786 pro
826 2705 1068 2787 interpolatione
1091 2706 1198 2782 habet,
1223 2707 1294 2767 inde
1317 2716 1396 2782 orta,

328 2823 425 2903 quod,
450 2841 550 2902 quum
574 2824 668 2903 ὥσπερ
692 2821 831 2888 πεπωκώς
854 2829 940 2881 arcte
961 2807 1161 2895 cohaereant,
1182 2818 1243 2880 hoc
1263 2817 1313 2879 alii
1333 2838 1397 2879 non

328 2935 539 3016 intelligentes
570 2958 615 3004 τις
647 2937 749 3006 ἄλλος,
774 2933 888 2994 deinde
912 2935 1088 2995 necessario
1113 2934 1208 2995 etiam
1232 2935 1284 2993 καὶ
1306 2931 1397 3001 νντός

329 3049 521 3130 supplerent,
559 3069 617 3130 pro
651 3069 715 3129 qua
746 3048 894 3128 opinione
925 3058 957 3109 et
987 3048 1106 3109 variam
1129 3047 1297 3109 lectionem
1320 3050 1397 3132 εἴπερ

329 3185 386 3244 pro
418 3168 511 3248 decep
538 3163 640 3224 facere
666 3172 760 3243 putat
783 3172 815 3224 et
838 3161 1007 3223 verborum
1032 3163 1249 3224 confusionem
1272 3162 1302 3222 iu
1325 3161 1395 3224 cod.

328 3277 467 3340 Florent.
499 3273 556 3362 (Φ)
587 3280 681 3359 ὥσπερ
715 3297 744 3336 τι
767 3279 820 3337 καὶ
844 3275 935 3345 αὐτὸς
959 3277 1019 3336 dau
1043 3279 1119 3337 ἄλλο
1143 3275 1177 3337 τὸ
1200 3279 1264 3351 τῆς.
1287 3274 1395 3337 Etiam

328 3412 370 3453 ex
401 3393 438 3452 F.
471 3392 608 3472 recipere
639 3390 762 3453 mavult
785 3390 819 3451 τὸ
843 3395 896 3467 τῆς
920 3393 980 3456 dau
1005 3385 1121 3466 Λήθης
1143 3410 1241 3470 quarn
1265 3410 1307 3451 ex
1329 3389 1396 3451 aliis

327 3506 411 3568 libris
447 3507 507 3567 ν’ὶνω
542 3505 576 3567 τὸ
612 3509 664 3581 τῆς
701 3503 758 3576 Λ.,
796 3505 987 3567 senteutiam
1011 3504 1072 3566 hoc
1095 3505 1191 3565 modo
1215 3503 1394 3584 explicans:

327 3621 486 3699 „Hermes
514 3619 578 3695 hat,
605 3617 650 3679 als
673 3618 762 3681 hatte
786 3638 819 3678 er
842 3619 933 3679 einen
956 3616 1094 3680 Schluck
1118 3637 1176 3680 uus
1198 3618 1254 3678 der
1278 3618 1396 3678 oberen

326 3733 430 3796 Lethe
452 3731 590 3819 (Nektar
613 3731 687 3812 Vgl.
712 3753 739 3793 c.
764 3749 793 3794 2.
818 3732 852 3793 ri
877 3733 985 3816 νέκταρ
1010 3727 1157 3810 ἄφθονον,
1182 3732 1258 3793 Icar.
1274 3730 1395 3810 2701‘33

328 3846 394 3912 &sul
416 3885 456 3894 -
483 3850 536 3909 τοῦ
568 3848 706 3931 νέκταρος
730 3839 960 3925 μεθύσκονται),
985 3845 1115 3927 gethan,
1140 3847 1198 3907 auf
1215 3846 1265 3906 die
1287 3844 1394 3906 Ruck-

326 3963 405 4025 kehr
427 3984 464 4023 zu
490 3983 549 4023 uus
567 3959 768 4042 vergessen.”
788 3960 852 4023 Sed
872 3960 950 4022 haec
969 3960 1139 4042 explicatio
1158 3960 1229 4021 ideo
1241 3959 1393 4040 displicet,

363 4202 378 4263 ¹)
399 4202 499 4249 Wiener
518 4202 621 4249 Studien
643 4200 711 4264 1883.
