3456 5332
970 518 1013 595 84

458 709 517 771 πῶυ
554 708 696 788 ἔσχαται
730 709 872 790 reposuit
901 707 1152 784 Herwerdenus;
1190 719 1274 770 recte
1307 708 1423 789 legitur
1453 709 1525 770 adv.

457 823 515 885 Ind
557 839 609 901 24,
633 822 727 884 Herc.
758 840 769 883 1
797 823 892 908 γέμον
916 820 944 891 ἐς
968 822 1001 884 τὸ
1025 825 1169 901 ἔσχατον,
1194 832 1305 884 contra
1328 822 1475 885 Hermot.
1500 841 1522 903 9

458 937 553 1020 γεόωυ
578 934 606 1006 ἐς
630 935 664 998 τὸ
688 937 828 1008 ὅσσαι-ου,
854 956 1000 1017 proquo
1024 935 1103 1000 Cob.
1124 937 1164 998 V.
1179 937 1217 997 L.
1238 957 1283 1018 pg
1315 953 1374 1014 241
1392 939 1528 1016 ε’·’σχασου

458 1049 591 1131 flagitat,
626 1050 726 1112 invito
760 1047 944 1129 Fritzschi0‚
981 1051 1036 1130 qui
1069 1060 1235 1131 comparat
1269 1050 1414 1132 Apolog.
1445 1069 1467 1129 4
1499 1049 1529 1112 ἐν

458 1165 540 1247 γήρα
558 1160 583 1224 λ’
596 1164 728 1240 ὑστάτῳ,
743 1164 796 1225 ubi
808 1163 941 1225 sortasse
953 1165 1048 1225 etiam
1067 1162 1193 1242 ἑσχοέπῳ
1208 1183 1365 1245 reponere,
1374 1172 1526 1246 praestat.
1554 1178 1557 1183 '

503 1277 557 1339 Du
579 1277 689 1341 Dono

502 1391 537 1456 C.
573 1392 603 1455 6.
636 1395 688 1455 καὶ
718 1395 775 1469 ὅτῳ
807 1400 851 1472 μὴ
884 1391 913 1454 ἑυ
944 1396 981 1471 τῇ
1014 1394 1078 1471 ὄψει
1106 1395 1122 1468 ἡ
1155 1397 1254 1477 κρίσις,
1285 1390 1372 1454 αλλοὶ
1402 1415 1447 1462 τις
1476 1396 1530 1454 καὶ

459 1493 606 1586 λογισμὸς
642 1503 848 1569 ἐπακολουθεῖ
863 1513 923 1576 τοῖς
949 1504 1154 1587 βλεπομένοις.
1179 1508 1252 1568 Non
1276 1509 1307 1569 in
1333 1507 1407 1569 solis
1429 1507 1528 1569 oculis

458 1621 608 1683 iudicium
643 1642 712 1683 esse
744 1621 850 1698 debet,
886 1623 941 1684 sed
977 1623 1057 1684 ratio
1088 1623 1183 1684 etiam
1217 1623 1284 1684 visa
1314 1632 1529 1702 consequatur

459 1756 587 1797 necesse
621 1745 679 1798 est.
711 1736 826 1797 Nonne
850 1756 959 1797 verum
984 1737 1125 1798 videtur:
1151 1738 1194 1815 μὴ
1219 1738 1249 1798 ἐν
1273 1741 1309 1814 τῇ
1333 1738 1398 1815 ἕψει
1421 1734 1526 1820 (μόνα)

597 1850 604 1869 fi

601 1899 607 1910 α

460 1851 476 1925 ἡ
499 1847 612 1934 κρίσις2

503 1962 539 2027 C.
568 1981 615 2026 12.
652 1966 712 2035 ὅτε,
737 1965 764 2024 εἰ
784 1966 836 2025 καὶ
860 1965 1054 2025 παντάπασιν
1078 1962 1237 2049 ἠπειρώτης
1261 1970 1313 2027 και
1335 1962 1529 2050 ἀπειρόπλους

460 2099 505 2145 πις
534 2080 586 2154 εἴη,
618 2076 738 2146 ποὶυσως
768 2075 806 2137 iia
838 2072 992 2152 ἐθελήσειε
1023 2080 1076 2138 και
1105 2076 1196 2147 αὐτὸς
1221 2076 1354 2158 ἐμβῆναι
1375 2080 1427 2139 καὶ
1451 2101 1528 2163 περι-

461 2194 588 2253 πλεῦσαι
611 2193 663 2253 καὶ
686 2190 762 2253 πολὺ
784 2189 842 2253 ἀπὸ
863 2194 918 2266 τῆς
940 2195 999 2267 γῆς
1022 2191 1207 2253 ἀποσπάσαι.
1231 2190 1423 2254 Fritzschius
1435 2190 1476 2274 Q
1489 2192 1527 2253 L.

459 2326 513 2387 pg.
551 2322 613 2367 202
650 2307 677 2367 εἰ
709 2309 753 2385 μή
784 2326 842 2388 pro
876 2307 903 2367 εἰ
923 2310 977 2367 καί
997 2307 1153 2388 poposcit,
1177 2326 1276 2387 quam
1298 2306 1527 2368 correctionem

459 2419 716 2500 amplectendam
762 2440 831 2481 esse
870 2419 1014 2491 arbitror,
1056 2440 1254 2501 quamquam
1287 2420 1463 2501 jacobitius
1497 2429 1530 2483 et

459 2533 645 2596 Dindorfius
668 2554 738 2595 earn
762 2543 959 2616 spreverunt.
982 2534 1107 2595 Deinde
1130 2544 1215 2596 recte
1238 2532 1449 2597 Schwartzius
1469 2532 1532 2596 ἀπό

460 2658 535 2710 ante
570 2652 623 2724 τῆς
647 2653 706 2725 γῆς
729 2648 854 2725 delevit,
879 2669 977 2729 quam
1001 2649 1259 2710 emendationem
1282 2648 1390 2711 multis
1413 2649 1529 2730 proba-

460 2763 506 2824 vit
540 2762 704 2843 exemplis
740 2761 803 2824 Sed
839 2763 935 2824 etiam
970 2762 1055 2824 aliud
1091 2772 1140 2824 est
1175 2763 1205 2824 in
1229 2763 1277 2824 his
1302 2763 1406 2824 verbis
1439 2761 1528 2844 quod

460 2878 655 2940 correctione
678 2877 819 2958 indigere
842 2875 917 2939 mihi
939 2878 1080 2954 videtur;
1105 2878 1181 2958 quid
1203 2879 1287 2938 enim
1304 2875 1355 2939 hic
1375 2879 1529 2962 περιπλεῦ-

460 3012 512 3052 σαι
534 2991 604 3053 est?
628 2990 691 3074 Qui
714 2992 810 3052 animi
833 3012 930 3053 causa
954 3012 1067 3053 navem
1086 2992 1303 3054 conscendunt
1316 2992 1529 3075 παραπλέουσι,
1562 3042 1567 3053 .

461 3115 496 3167 ut
532 3105 650 3167 iaciunt
680 3105 836 3167 delicatuli
868 3105 908 3166 illi
938 3105 1164 3168 adulescentuli
1194 3105 1280 3187 apud
1304 3102 1492 3187 Alciphron.
1516 3105 1530 3165 Ι

466 3237 502 3281 12
534 3218 737 3297 γαληυιεῐυτςς
772 3224 825 3281 τοῦ
854 3223 1008 3296 πελάγους
1032 3219 1079 3295 (cf.
1106 3229 1214 3280 nostro
1237 3220 1308 3282 loco
1331 3220 1349 3291 ἡ
1373 3215 1529 3280 θάλαττα

462 3336 545 3410 ἱκανὴ
586 3329 836 3418 προκαλέσασθαι
877 3339 928 3396 και
963 3335 1002 3404 εἰς
1037 3330 1205 3413 ε’πιθυμιάυ
1239 3329 1470 3397 ἐπισπάσασθαι
1501 3332 1530 3396 ἐν

461 3451 583 3529 paam
619 3447 783 3532 Φαυεῖσα);
818 3448 905 3531 apud
939 3447 1023 3511 hunc
1059 3470 1188 3530 quoque
1210 3469 1376 3532 perperam
1401 3471 1464 3534 περι
1491 3484 1528 3494 -

461 3584 518 3645 pro
554 3567 766 3641 παραπλεῦσαι
800 3563 924 3644 legitur,
959 3563 1046 3644 quod
1077 3561 1263 3624 iamdudum
1287 3563 1426 3625 correxit
1448 3561 1530 3625 Cob.

462 3678 504 3739 V·
528 3677 565 3739 L·
591 3698 646 3758 no
670 3696 722 3755 44·

505 3792 631 3855 Addito
658 3790 790 3853 articulo
812 3811 839 3852 c.
870 3790 908 3852 16
931 3794 983 3852 aul
1004 3787 1050 3877 (ἡ)
1074 3792 1224 3870 σάλπιγξ,
1249 3792 1409 3854 emblema
1419 3792 1531 3874 depre-

461 3904 567 3968 hendo
594 3927 621 3968 c.
651 3923 689 3985 19
711 3907 742 3966 in
767 3906 871 3966 verbis
894 3907 932 3974 ὡς
956 3904 986 3965 δὲ
1010 3903 1143 3984 ὁμῦθος
1163 3905 1309 3987 βούλεται
1320 3909 1372 3968 και
1383 3908 1513 3984 λέγεται
1521 3930 1530 3982 ;

461 4030 625 4102 postrema
658 4019 723 4081 duo
754 4018 911 4080 vocabula
937 4019 1068 4080 omnino
1091 4040 1217 4082 servare
1241 4021 1347 4097 nolim,
1371 4021 1408 4082 cf,
1433 4021 1531 4083 Hart-

463 4153 599 4194 mnnnus
629 4133 670 4194 ad
701 4132 849 4195 Hermot.
883 4149 919 4210 31
947 4129 1007 4210 (St.
1031 4131 1081 4194 Cr.
1106 4154 1160 4214 pg.
1187 4137 1241 4214 35)
1264 4145 1296 4196 et
1318 4132 1531 4196 Schwartzius

461 4248 503 4311 ad
527 4247 717 4310 Demonact.
741 4250 795 4324 48.
