3456 5332
989 546 1028 607 82

471 735 634 797 obiectum
664 732 840 812 habebunt,
872 753 938 814 quo
961 734 1016 795 vix
1039 753 1145 794 carere
1168 742 1313 814 possunt.
1338 731 1427 795 Sitne
1450 753 1541 814 prae-

470 859 557 912 terea
584 846 634 910 hic
658 844 872 909 ἀνατυλίππειν
895 847 1065 928 legendum
1090 868 1130 908 an
1155 868 1197 908 ex
1222 847 1289 909 aliis
1312 847 1397 908 libris
1420 843 1541 909 ἀνελίτ-

471 986 541 1034 σειν,
575 963 724 1043 equidem
760 982 823 1023 non
858 962 959 1023 ausim
994 962 1180 1039 diiudIcare;
1217 960 1278 1023 hoe
1312 962 1427 1043 legitur
1462 983 1483 1022 v
1514 982 1541 1024 c.

469 1074 562 1138 huius
585 1075 656 1137 libri
680 1096 707 1136 c.
736 1089 788 1153 27,
813 1076 894 1137 Xen.
920 1076 1017 1137 Mem.
1042 1076 1056 1136 1
1081 1075 1112 1148 6,
1141 1094 1188 1154 14.

515 1189 550 1254 C.
587 1205 637 1254 20.
674 1192 710 1259 ὡς
744 1185 906 1265 ἀληθεύοις
941 1189 1009 1258 πούς
1043 1188 1176 1260 ἐπαίνους
1205 1190 1315 1252 αύπάν.
1347 1189 1409 1252 Hic
1433 1190 1544 1252 unicus

471 1303 559 1366 locus
590 1314 648 1379 est,
682 1303 735 1365 ubi
766 1299 929 1379 ἀληθεύειν
959 1304 1123 1366 transitive
1148 1314 1335 1384 usurpatum
1360 1314 1408 1365 est
1432 1313 1544 1366 contra

472 1427 673 1480 constantem
719 1417 850 1479 Luciani
893 1437 993 1489 nsum,
1039 1418 1093 1497 qui
1138 1413 1335 1489 ἐπαληθεύειν
1370 1417 1543 1493 transitive,

474 1528 635 1607 ἀληθεύειν
676 1532 871 1594 intransitive
914 1529 1064 1592 adhibere
1098 1531 1188 1593 solet.
1225 1530 1271 1595 Cf.
1307 1527 1470 1606 ἀληθεύειν
1505 1531 1545 1592 de

473 1644 569 1708 Merc.
595 1644 696 1712 Cond,
721 1643 751 1724 6,
775 1646 850 1707 Ver.
876 1644 959 1707 Hist.
985 1647 999 1707 Ι
1021 1664 1051 1723 4,
1076 1643 1171 1707 Rhet.
1198 1646 1303 1707 Praec.
1327 1648 1356 1721 8,
1369 1645 1468 1726 Fugit
1496 1662 1544 1724 19,

473 1760 557 1821 Dem
595 1759 676 1822 Enc.
699 1777 751 1837 44;
782 1755 981 1835 ἐπαληθεύειν
1005 1760 1045 1820 de
1068 1757 1180 1822 Saltat.
1205 1773 1257 1837 70,
1282 1759 1374 1820 Musc
1408 1758 1489 1821 Enc.
1514 1773 1544 1836 7,

474 1873 514 1935 de
545 1873 793 1949 Calumnialo,
818 1872 882 1934 diss
916 1893 989 1962 cum
1014 1873 1157 1934 Hesiodo
1180 1888 1209 1949 7,
1234 1871 1361 1935 Saturn.
1387 1889 1417 1951 9,
1442 1871 1544 1934 Conv.

476 2005 527 2070 29,
552 1988 592 2050 D.
617 1987 744 2049 Meretr.
766 1986 810 2048 III
832 1982 1064 2065 πανασχέσθαι
1076 1990 1128 2047 καὶ
1141 1982 1340 2062 ἐπαληθεύειν
1351 1985 1385 2048 πὸ
1398 1992 1546 2064 σκῶμμα,

476 2103 529 2163 ubi
571 2100 793 2182 Sakorraphus
836 2097 1037 2180 ἀνασχέσθαι
1071 2100 1147 2183 [καὶ]
1184 2096 1375 2176 ἐπαληθεῦον
1408 2100 1546 2180 corrigit,

475 2216 564 2276 cuius
586 2216 787 2277 correctionis
802 2216 1022 2276 necessitatem
1042 2235 1171 2295 prorsus
1184 2235 1246 2275 non
1262 2214 1429 2296 perspicio,
1443 2232 1547 2293 neque

476 2330 519 2392 ita
543 2329 619 2410 legit
642 2328 821 2405 scholiasta,
847 2350 921 2390 nam
945 2329 1084 2410 scripsit:
1111 2324 1310 2404 ἐπαληθεύειν
1335 2365 1377 2374 -
1402 2323 1548 2402 ἀληθινὸν

478 2449 574 2505 ποιεῖν.
604 2443 649 2506 CI.
674 2452 838 2524 praeterea
860 2442 962 2506 Thuc.
989 2444 1035 2505 IV
1060 2445 1111 2521 85,
1132 2444 1208 2506 VIII
1233 2456 1283 2521 52,
1308 2442 1362 2503 ubi
1387 2439 1546 2505 scholion:

478 2556 731 2636 ὲπαληθεύειν-
745 2557 900 2640 βεβαιοῦν.
923 2558 1115 2621 Luculenter
1138 2560 1233 2640 igitur
1256 2568 1391 2639 apparet
1410 2553 1548 2642 ὡς(ἐπ)-

479 2669 639 2749 ἀληθεύοις
664 2674 754 2735 unice
774 2693 886 2734 verum
905 2693 975 2734 esse

523 2787 669 2848 Tandem
693 2788 813 2849 adnoto
843 2789 872 2848 in
896 2807 923 2851 c.
951 2805 992 2865 24
1016 2806 1067 2848 me
1090 2787 1188 2848 verba
1212 2786 1279 2856 σούς
1302 2783 1549 2870 βιβλιογμάφους

480 2921 537 2982 pro
572 2901 814 2983 interpolatione
841 2900 967 2979 habere,
1000 2902 1089 2963 cuius
1119 2902 1305 2983 suspicionis
1336 2921 1447 2961 ansam
1471 2899 1550 2960 dant

480 3014 631 3076 lectiones
654 3016 745 3077 codd.
767 3016 842 3078 Vat.
868 3017 908 3093 87
933 3025 965 3077 et
991 3016 1089 3079 Marc.
1115 3015 1256 3096 434„qni
1271 3017 1339 3084 πούς
1351 3015 1505 3075 omittunt
1518 3022 1550 3073 et

481 3149 509 3189 c.
543 3141 581 3206 25
618 3140 778 3209 praestare
814 3129 934 3210 legere:
958 3129 1024 3191 ούλέ
1046 3129 1109 3215 γάμ
1131 3133 1208 3191 κύων
1231 3129 1374 3191 παύσαιτ’
1399 3127 1437 3189 ἀν
1462 3127 1550 3205 ἀπκξ

482 3245 699 3321 σκυτοτραγεῖν
722 3233 872 3316 μαθοὶσα
897 3259 954 3318 pro
978 3239 1065 3316 ἀπαξ
1089 3240 1233 3300 παύσαιτ’
1258 3239 1306 3300 ἀν.

528 3349 740 3412 CALUMNIAE
763 3364 837 3413 NON
860 3365 1002 3412 TEMERE
1025 3366 1253 3415 CREIIENDUM.

529 3463 563 3526 C.
591 3477 617 3542 5.
645 3464 723 3525 πάνυ
747 3460 893 3535 πενθικῶς
917 3488 961 3535 τις
985 3464 1186 3544 ἐσκευασμένη
1213 3462 1421 3546 -σκευάζειν
1444 3466 1551 3527 locum

484 3577 582 3638 habet
616 3578 646 3637 in
680 3576 798 3653 culina;
831 3578 870 3639 de
900 3579 1017 3640 vestitu
1050 3575 1234 3659 ἑνσκευάζειν
1267 3580 1436 3641 dicendum
1471 3599 1551 3650 esse,

485 3691 561 3751 satis
584 3700 696 3751 notum
720 3701 777 3751 est.
802 3689 848 3752 Cf.
874 3690 952 3753 Cob.
976 3692 1016 3751 V.
1041 3692 1078 3752 L.
1102 3713 1180 3773 pgg.
1209 3694 1278 3771 163,
1304 3694 1366 3754 228

529 3805 614 3868 Satis
649 3807 729 3866 levia
764 3817 838 3869 sunt
873 3805 967 3867 haec:
999 3828 1024 3868 c.
1062 3825 1097 3886 13
1130 3810 1168 3877 ὡς
1198 3812 1272 3884 γοῦν
1304 3807 1350 3870 ἐπὶ
1375 3807 1441 3893 (τὸ)
1467 3810 1552 3870 πολύ.

486 3924 571 3984 Dicit
601 3922 684 3982 enim
716 3922 876 3982 Lucianus
899 3931 955 3982 aut
977 3923 1014 3990 ὡς
1038 3923 1072 3984 πὸ
1095 3926 1169 3984 πολύ
1193 3934 1248 3985 aut
1272 3925 1309 3992 ὡς
1333 3922 1380 3984 ἐπὶ
1401 3924 1435 3985 πὸ
1460 3926 1552 3999 πολύ;

487 4057 513 4097 e.
552 4052 589 4111 14
621 4035 727 4095 maIIm
758 4033 853 4108 αὐτὴν
880 4035 951 4116 (pro
975 4033 1072 4110 αύποί)
1096 4033 1294 4120 ἁρμοζόμενοι
1318 4035 1386 4122 (την
1409 4037 1554 4118 διαβολήν

488 4145 556 4230 sc.);
581 4168 607 4208 c.
638 4147 676 4207 16
699 4148 899 4230 ύπισμχησαπο
924 4169 981 4228 pro
1006 4152 1249 4232 ποοσιομχησαπος
1273 4171 1299 4211 e.
1321 4168 1358 4212 21
1376 4151 1431 4222 την
1443 4152 1555 4213 ἅλωσιν

489 4255 800 4344 συμπμοθυμούμενοιι
844 4282 902 4340 pro
944 4265 981 4337 πη
1024 4263 1131 4323 ἀλύσει
1172 4264 1241 4324 coll.
1288 4264 1390 4326 Thuc.
1433 4267 1474 4328 V.
1516 4283 1554 4346 17
