3456 5332
853 525 874 586 6

327 713 449 792 τοιλοιιρῖ
479 731 520 784 τιρ
552 703 643 787 ὀθόνρ
676 708 821 789 flagitare
852 710 1054 789 improbante
1078 709 1252 772 Fritzschio
1279 731 1399 790 „quum

327 820 477 882 articulus
508 822 683 901 praemisso
715 822 872 884 adiectivo
896 822 990 903 plane
1013 824 1053 885 sit
1076 820 1287 901 LucianeuS,''
1311 822 1399 902 quod

327 941 553 1014 argumentum
585 931 660 993 mihi
694 953 756 994 non
792 932 956 996 satisfacit.
990 934 1109 997 Contra
1140 933 1337 996 confidenter
1367 944 1400 995 et

330 1045 451 1109 Anach.
490 1048 527 1108 18
560 1046 608 1108 ἐντί
635 1049 756 1132 ψυχροῦ
785 1071 838 1110 του
869 1044 963 1110 λίθου
987 1049 1059 1131 (pro
1086 1049 1152 1128 τοῦ)
1176 1058 1208 1111 et
1231 1049 1271 1109 de
1293 1048 1400 1109 Morte

261 1236 266 1244 1
326 1161 393 1222 Per.
418 1174 459 1240 45
481 1184 524 1237 τῳ
547 1162 651 1244 δριμεῖ
666 1158 824 1245 Φορμοίκῳ
843 1159 915 1246 (pro
939 1159 995 1243 τῷ)
1015 1163 1148 1241 corrigo,
1170 1161 1217 1224 Cf.
1237 1159 1399 1223 Schwart-

324 1275 391 1334 zius
414 1275 455 1335 ad
480 1294 537 1355 pro
561 1274 670 1354 Lapsu
694 1276 725 1335 in
748 1273 849 1336 Salut.
880 1293 890 1336 1
919 1285 951 1337 et
971 1273 1131 1355 Sauppius
1144 1272 1244 1358 (apud
1257 1270 1399 1354 Sbtium)

326 1388 367 1448 ad
390 1387 431 1469 Q
455 1388 538 1449 Hist.
564 1388 692 1451 Conscr.
718 1403 747 1466 7.

372 1501 407 1564 C.
434 1519 484 1580 24.
510 1503 569 1572 τῶς
592 1503 668 1564 οὑτω
690 1499 807 1579 τυφλὸς
832 1504 870 1562 ὢν
894 1504 1031 1585 εὑρίσκεις
1054 1504 1108 1577 τὴν
1131 1502 1212 1575 &5673
1233 1499 1398 1574 ἢτῶςὺιοι-

327 1617 516 1692 γιγνώσκεις,
542 1613 592 1694 ἐφ’
618 1616 665 1685 οὑς
687 1617 725 1676 σ’ίν
744 1637 777 1677 σε
801 1619 814 1677 ο’
839 1615 917 1685 Ζεὺς
941 1613 1105 1695 σἰτοστείλρ
1127 1619 1226 1700 κρίνοις
1250 1615 1323 1676 εἶναι
1346 1617 1400 1675 τοῦ

327 1731 455 1790 τλοὺτου
481 1726 600 1807 ἀξίους

371 1839 546 1904 ΠΛΟΤΤ.
570 1845 620 1904 οίει
643 1841 707 1926 γοὶρ
722 1844 867 1927 εὑρίσκειν
890 1865 931 1921 με
955 1844 1061 1912 οἵτινες
1080 1844 1165 1917 εἰσιν;

370 1953 548 2017 Mehlerus:
583 1975 663 2036 „pro
701 1957 837 2039 εὑρίσκειν
872 1956 981 2035 scripsi
1017 1955 1048 2016 εὑ
1083 1959 1185 2039 κρίνειν
1193 1979 1202 2030 3
1227 1955 1399 2035 respondet

326 2069 436 2131 Plutus
467 2069 508 2130 ad
538 2089 585 2144 ea,
612 2088 696 2148 quae
719 2069 971 2149 interrogaverat
994 2068 1148 2130 Hermes:
1174 2067 1190 2142 ὑ]
1215 2067 1274 2137 τῶς
1298 2068 1398 2143 διοιγο-

326 2182 477 2258 γνώσκεις,
507 2179 557 2259 ἐφ’
579 2182 626 2251 οὑς
646 2184 684 2244 ἄν
707 2203 740 2243 σε
763 2183 779 2243 ὑ
800 2181 878 2251 Ζεὺς
902 2179 1065 2260 ὑποστείλρ
1088 2186 1225 2264 κρίκοις
1249 2181 1322 2241 εἶναι
1346 2183 1400 2241 τοῦ

327 2292 468 2356 Πλούτου
491 2293 611 2373 aaran
636 2295 742 2356 Hodie
757 2315 834 2356 vero
857 2297 904 2356 vir
926 2296 1041 2356 doctus
1061 2294 1232 2356 confitetur
1243 2314 1277 2354 se
1288 2312 1397 2353 veram

326 2417 359 2469 et
388 2418 508 2470 certam
541 2410 798 2470 emendationem
831 2429 894 2469 non
926 2409 1049 2484 videre;
1074 2418 1106 2469 et
1128 2426 1204 2467 saue
1228 2415 1286 2481 est,
1310 2407 1398 2486 quod

325 2524 357 2582 in
394 2521 445 2582 illa
480 2523 662 2584 coniectura
697 2521 883 2603 reprehendi
916 2523 1027 2602 possit.
1064 2519 1397 2582 Animadvertendum

325 2632 411 2694 enim
436 2644 484 2696 est
509 2636 539 2694 in
562 2636 666 2714 priore
690 2636 938 2716 interrogatione
961 2635 1001 2695 ad
1024 2636 1138 2714 Jovem
1158 2634 1315 2714 pertinere
1327 2651 1397 2712 par-

325 2749 467 2828 ticipium
502 2752 610 2832 κρίνοις,
649 2759 684 2810 ut
718 2750 795 2810 satis
830 2759 964 2829 apparet
995 2769 1012 2808 e
1043 2769 1069 2808 c.
1099 2760 1137 2824 25
1166 2748 1223 2807 init
1256 2748 1337 2814 ὅσους
1360 2743 1398 2805 tu

324 2867 422 2939 οἴκτου
454 2864 509 2944 (sc.
534 2859 671 2947 Jupiter)
695 2867 748 2925 τοὺ
772 2869 909 2924 πλουτεῖν
932 2861 1044 2940 ἀξίους.
1068 2863 1102 2923 In
1127 2879 1279 2940 responso
1303 2859 1399 2938 igitur

325 2978 432 3057 potius
463 2985 633 3055 exspectes
665 2977 905 3053 διαγιγνώσκειν,
939 2976 1028 3055 quod
1058 2974 1169 3037 Sbtius
1188 2970 1216 3057 ¹)
1247 2971 1398 3033 audacter

325 3089 355 3149 in
380 3098 507 3152 textum
531 3089 658 3169 recepit.
678 3089 885 3150 Probabiliter
904 3089 993 3150 locus
1012 3089 1155 3148 nondum
1176 3097 1224 3148 est
1236 3095 1396 3148 correctus

324 3213 358 3262 ct
382 3221 493 3262 vereor
516 3212 552 3263 ut
575 3201 755 3280 satisfaciat,
780 3202 867 3282 quod
892 3200 966 3262 mihi
989 3202 1048 3281 ipsi
1073 3201 1158 3262 venit
1182 3201 1212 3260 in
1237 3209 1395 3260 mentem:

325 3318 375 3376 οίει
398 3313 462 3398 γοὶρ
487 3316 625 3398 εὑρίσκειν
648 3337 688 3392 με
712 3313 781 3399 (τὴν
803 3315 867 3376 fidu
891 3313 906 3388 ἢ
931 3314 1174 3397 ὑικγιγνώσκειν)
1195 3315 1297 3382 σι”τινές
1309 3314 1378 3374 εἰσιν
1386 3335 1395 3386 ;

326 3436 362 3489 ut
394 3428 608 3489 interciderInt
638 3427 736 3488 verba
758 3448 776 3488 a
799 3427 892 3488 Pluto
916 3447 958 3489 ex
981 3428 1229 3507 interrogatione
1251 3426 1395 3505 repetita.

369 3539 405 3602 C.
437 3553 488 3617 25.
518 3542 548 3610 σ”ς
571 3562 611 3616 γε
635 3537 753 3617 τυφλὸν
776 3543 849 3602 ὅντοι
870 3541 959 3615 εἰδὼς,
984 3542 1127 3618 ε’τεριτεν.
1151 3539 1330 3600 Pronomen
1355 3561 1396 3616 με

324 3640 526 3714 inserendum
558 3665 606 3714 est
638 3655 704 3714 sive
735 3663 810 3716 ante
833 3657 950 3727 τυφλόν
973 3654 1039 3714 sive
1062 3663 1138 3714 ante
1161 3653 1258 3725 εἰδώς
1283 3650 1396 3712 deinde

324 3767 472 3828 Naberus
488 3764 519 3850 ²)
552 3769 732 3848 suspicatur
762 3766 858 3852 (είτκ)
889 3771 1021 3845 ὲίιεμσε;
1053 3777 1096 3843 at,
1121 3766 1146 3826 si
1170 3766 1246 3846 quid
1271 3775 1395 3826 mutan·

324 3880 402 3940 dum
426 3889 485 3962 est,
510 3883 616 3962 potius
640 3884 719 3960 ὅμως
743 3881 938 3952 intercidisse
962 3880 1158 3942 crediderim.

361 4151 384 4217 ¹)
403 4153 581 4215 Ausgewtthlte
600 4153 724 4200 Schriften
744 4153 787 4200 des
805 4154 908 4202 Lucinn.
927 4155 1011 4201 Erstes
1028 4154 1165 4201 Bttndchen
1187 4153 1256 4204 1888.

360 4229 387 4292 ι’ρ
407 4231 542 4294 Verslngen
553 4247 584 4278 en
595 4232 801 4295 ruededeelingen
811 4234 854 4281 der
866 4234 931 4281 Kon.
942 4236 1022 4283 Aemi.
1033 4251 1080 4281 van
1092 4234 1310 4298 Wctenschappen
1325 4235 1393 4297 1871.
