3456 5332
841 778 883 825 20

324 950 411 1031 quod
446 960 515 1012 tum
551 948 678 1014 Charon
711 961 742 1014 et
773 972 802 1014 e.
830 970 842 1014 1
870 961 903 1016 et
925 973 952 1015 c.
978 970 995 1014 2
1021 954 1156 1016 eandem
1179 954 1243 1016 fere
1265 975 1396 1017 causam

324 1063 414 1126 aflert
437 1064 584 1127 Mercurii
610 1085 736 1127 morae:
760 1087 787 1128 c.
817 1084 829 1128 1
857 1077 966 1129 nectar
988 1067 1128 1130 bibendo
1151 1068 1192 1130 ad
1216 1088 1274 1129 nos
1296 1068 1396 1130 redire

324 1178 442 1241 oblitus
465 1189 522 1256 est,
547 1199 574 1241 c.
601 1196 618 1240 2
643 1177 712 1265 (ubi
736 1200 853 1241 novam
877 1201 1007 1243 causam
1032 1202 1106 1243 eum
1129 1181 1239 1243 afferre
1250 1190 1395 1262 oportet:

324 1290 396 1354 ἀλλ’
433 1292 494 1371 ἐγὼ
528 1293 593 1356 οῖδα
626 1295 680 1372 τὴν
711 1291 843 1380 αι’πίοιν);
869 1296 952 1358 laeta
976 1296 1083 1357 omnia
1107 1296 1137 1356 in
1161 1295 1250 1358 coelo
1274 1304 1307 1359 et
1328 1315 1397 1356 am-

323 1407 429 1469 brosia
459 1408 502 1469 ibi
534 1408 635 1471 multa
667 1418 699 1471 et
723 1418 832 1471 nectar
855 1410 1038 1486 abundans;
1064 1430 1122 1471 nec
1145 1409 1396 1472 obliViseendum

323 1530 372 1585 est
403 1521 597 1584 Mercurium
624 1543 650 1586 c.
680 1541 691 1584 1
719 1523 750 1584 in
774 1524 895 1605 superis
918 1523 1057 1605 quidem,
1082 1524 1138 1586 sed
1161 1525 1191 1585 in
1215 1534 1308 1600 terra,
1332 1542 1395 1586 non

324 1648 354 1709 in
378 1648 467 1710 coelo
490 1650 608 1711 versari
635 1650 705 1713 dici.

368 1763 516 1844 Denique
551 1765 662 1826 Mnem
714 1766 795 1845 1893
829 1785 884 1846 pg.
921 1778 986 1843 274
1019 1764 1241 1846 Sakorraphus
1272 1785 1396 1826 memor

322 1879 514 1941 confusionis
534 1900 651 1941 vocum
672 1880 765 1949 ἄλλος
786 1890 818 1942 et
841 1881 890 1950 αιἐς
913 1875 1108 1965 (ἄνθρωπος),
1134 1891 1170 1943 ut
1190 1880 1231 1945 D.
1252 1880 1293 1944 D.
1316 1881 1389 1943 Νι

323 1994 434 2075 procul
456 1994 554 2056 dubio
578 2006 663 2056 recte
686 1990 843 2078 ἅνθρωπος
867 2015 925 2076 pro
949 1996 1042 2066 ἄλλος
1066 1978 1235 2077 rescripsit,
1257 1995 1394 2057 eundem

323 2127 460 2169 errorem
484 2107 535 2169 hic
556 2127 687 2189 quoque
711 2109 917 2170 commissum
942 2128 1012 2170 esse
1036 2109 1207 2171 existimat.
1229 2107 1395 2172 Sententia

323 2241 407 2301 quae
426 2231 503 2283 tunc
527 2221 643 2283 oritur:
667 2225 761 2305 ὥσπερ
784 2245 830 2292 τις
853 2217 1010 2307 ἄνθρωπος
1033 2225 1083 2284 καὶ
1108 2221 1199 2293 αὐτὸς
1222 2223 1283 2284 dvo>
1295 2221 1395 2298 τὸτῆς

324 2331 442 2412 Λήθης
472 2335 545 2419 ὕδωρ
574 2324 712 2406 πεπωκώς
744 2337 788 2398 ita
820 2336 970 2418 explicari
1002 2347 1125 2418 potest:
1157 2337 1296 2415 „dixeris
1320 2355 1393 2397 eum

323 2459 356 2511 et
378 2451 492 2531 ipsum,
517 2450 607 2531 quasi
632 2451 774 2512 mortalis
797 2460 891 2526 esset,
916 2450 1082 2511 oblivionis
1107 2470 1226 2531 aquarn
1250 2451 1280 2510 in
1301 2469 1395 2530 supe·

323 2565 364 2624 ris
388 2564 504 2624 bibisse
527 2573 559 2624 et
581 2563 622 2625 ad
647 2584 704 2625 nos
728 2564 828 2625 redire
848 2563 984 2625 oblitum
1005 2583 1083 2627 esse.
1105 2563 1195 2625 Haec
1215 2562 1275 2624 loci
1287 2583 1395 2624 emen-

323 2677 411 2740 datio
434 2688 466 2740 et
489 2679 660 2760 explicatio
684 2678 747 2740 huc
771 2698 873 2760 usque
895 2698 971 2759 prae
992 2677 1104 2739 ceteris
1124 2676 1199 2738 mihi
1220 2676 1324 2758 placet
1337 2696 1395 2738 nec

323 2799 432 2852 tamen
463 2792 626 2854 dissimulo
659 2791 827 2854 articulum
858 2800 933 2853 ante
965 2786 1081 2867 Λήθης
1109 2790 1282 2852 aLueiani
1306 2810 1395 2851 more

323 2905 503 2968 abhorrere.
538 2906 584 2970 Cf.
622 2906 662 2968 D.
695 2907 791 2969 Mort.
824 2905 900 2966 XIII
932 2903 952 2964 6
984 2903 1018 2966 τὸ
1051 2900 1167 2979 Albo
1197 2904 1285 2989 dlop3
1310 2904 1393 2966 idern

324 3020 432 3082 XXIII
468 3038 496 3096 2,
530 3019 586 3106 (de
616 3022 722 3083 Luctu
759 3017 800 3103 5),
833 3019 888 3081 sed
911 3029 1022 3081 contra
1047 3039 1159 3080 omnes
1181 3018 1277 3079 libros
1299 3018 1394 3080 deleri

324 3137 443 3217 nequit.

368 3249 403 3313 C.
434 3268 481 3313 11.
506 3250 639 3330 Corrigo
663 3245 826 3329 πιθόμενος
848 3269 907 3329 pro
932 3243 1127 3326 πειθόμενος
1152 3248 1183 3308 in
1207 3245 1393 3327 finecapitis

324 3365 378 3425 vix
403 3385 484 3445 opus
508 3376 557 3427 est
581 3360 711 3444 ἑνεχθέν
735 3384 808 3426 cum
832 3362 1026 3425 Schwartzio
1050 3361 1226 3437 sollicitare,
1252 3356 1395 3439 ἑγχνθέν

324 3479 509 3559 requirente.
538 3479 584 3542 Cf.
609 3479 701 3542 Asin.
727 3494 768 3556 47
794 3478 828 3540 τὸ
853 3471 1056 3561 προσενεχθὲν
1078 3478 1166 3536 ἔπιον.

369 3591 403 3654 C.
430 3609 478 3655 12.
501 3593 529 3653 ἕν
553 3616 594 3670 με
618 3597 716 3669 πνίγει
740 3593 893 3671 μάλιστα,
918 3589 939 3651 ὦ
963 3585 1151 3651 Κλωθοϊ-
1164 3587 1271 3649 malim
1291 3585 1393 3672 (ἀπο)-

324 3710 433 3784 πνίγει.
464 3708 549 3768 Inter
574 3718 697 3769 tantam
722 3706 944 3787 exemplorum
968 3706 1094 3786 copiam
1118 3705 1182 3765 duo
1202 3713 1329 3765 tantum
1349 3704 1394 3764 in-

323 3822 504 3899 veniuntur,
529 3822 583 3883 ubi
606 3821 744 3902 simplex
764 3820 898 3881 verbum
919 3819 1043 3900 legitur,
1065 3817 1126 3880 hoc
1145 3817 1215 3880 loco
1228 3829 1260 3879 et
1272 3817 1395 3879 Toxar.

328 3953 366 4015 19
390 3931 481 4005 εὐθὺς
505 3933 552 3996 οὖν
576 3935 653 4016 βοᾶν
676 3939 862 4014 πνιγόμενον,
887 3935 942 3995 sed
963 3936 993 3995 in
1014 3934 1093 3995 libro
1113 3934 1250 4014 pessime
1269 3932 1393 3994 alibra-

325 4049 375 4108 riis
421 4048 532 4110 habito
568 4070 630 4109 non
666 4050 778 4111 dubito
813 4049 1028 4129 compositum
1062 4048 1196 4108 verbum
1231 4067 1392 4128 reponere,

325 4182 426 4241 quum
452 4171 484 4222 et
507 4161 603 4242 paulo
628 4175 702 4243 post
726 4182 753 4223 c.
778 4178 820 4224 20
843 4161 968 4241 legatur
990 4157 1239 4238 ἀποπνιγόμενον.

369 4275 423 4336 Dn
449 4276 622 4336 Mnncnnn
646 4275 858 4339 Connoc‘ns

370 4389 405 4451 C.
432 4407 461 4450 2.
484 4388 597 4450 ἐδόκουν
614 4413 664 4467 μοι
677 4389 717 4451 τοι
731 4388 831 4450 πολλοὶ
844 4386 921 4449 οὗτοι
934 4388 982 4449 ὑπ’
998 4389 1145 4466 οοιόχύννς
1158 4384 1394 4472 ἐπικρύπτεσθαι

325 4527 376 4563 κοιι
411 4504 526 4571 ἑκόντες
558 4502 630 4564 εἴνοιι
655 4499 931 4564 επινοινξινὲνεοθοιι.
956 4503 1057 4564 Valde
1083 4502 1157 4562 mihi
1180 4503 1295 4563 arridet
1318 4499 1392 4563 ἐνπο-
