3120 5160
761 468 802 527 28

241 656 323 720 Cum
342 657 465 738 Joostio
490 657 562 719 facit
584 678 614 719 v.
639 656 669 719 d.
694 657 720 738 J.
747 656 856 738 Georg
881 656 1017 719 Brambs
1036 654 1075 740 ¹),
1100 658 1155 739 qui
1175 678 1230 738 pg.
1257 674 1314 719 10:

240 771 310 849 „Zu
346 771 452 831 seinen
487 768 519 856 (i.
542 792 568 834 e.
606 768 732 854 Joostii)
763 770 1039 852 Bcobachtungen
1071 771 1132 833 will
1155 769 1206 833 ich
1230 771 1316 834 noch

239 882 442 966 hinzuftigen,
465 884 540 946 dasz
564 886 594 946 in
618 884 783 946 dersclben
808 886 865 946 wie
885 887 915 946 in
935 885 1054 947 andern
1077 883 1237 948 untichten
1258 887 1316 948 der

239 996 369 1079 htiufige
404 997 575 1061 Gebrauch
609 999 665 1060 der
694 998 837 1080 Endung
867 1022 898 1060 ort
932 1017 949 1078 3
981 1020 1029 1080 ps
1062 1019 1110 1080 sg.
1136 1009 1203 1081 opt.
1230 1000 1313 1063 Aor.

239 1113 378 1194 auffzillig
408 1111 479 1175 ist.'’
510 1111 586 1198 (ego
606 1114 773 1195 quinquies
796 1115 827 1174 in
851 1115 992 1177 Parasito
1015 1115 1120 1176 inveni
1145 1135 1172 1176 c,
1203 1117 1232 1191 8,
1263 1132 1313 1192 12,

244 1241 293 1306 50,
325 1239 374 1305 51,
402 1240 450 1306 59,
476 1237 524 1288 ter
543 1229 573 1289 in
598 1227 811 1305 Hermotimo
837 1230 927 1291 cuius
950 1229 1020 1290 libri
1043 1229 1185 1292 ambitus
1210 1229 1314 1291 multo

242 1343 342 1403 maior
364 1339 436 1425 est).
460 1342 538 1404 Mihi
562 1363 692 1424 quoquc
714 1343 807 1404 valde
831 1354 999 1426 suspectus
1020 1354 1068 1406 est
1088 1344 1138 1406 hic
1158 1344 1198 1405 de
1218 1344 1313 1406 Para·

241 1458 302 1518 sito
325 1456 412 1534 liber,
438 1468 473 1519 ut
496 1468 609 1539 postea
632 1459 809 1540 apparebit.

285 1570 426 1634 Scrrflr
450 1586 528 1634 sivo
552 1570 698 1634 Hospos.

285 1685 320 1748 C.
349 1703 378 1746 2.
410 1688 469 1747 εἴτε
493 1684 611 1764 ἀτμούς
634 1709 719 1756 τινας
743 1685 878 1770 πονηροὺς
901 1688 916 1747 ὁ
939 1685 1009 1755 οἶνος
1033 1683 1148 1766 σβέσας
1171 1688 1208 1763 τῇ
1232 1684 1311 1763 ὀδμῇ

240 1801 299 1859 εἴτε
335 1799 412 1860 ἄλλο
439 1821 469 1860 τι
492 1800 580 1861 πλέον
603 1801 683 1869 εἰδὼς
708 1803 720 1862 o'
744 1802 816 1884 ἥρως
841 1799 868 1882 [ὁ
890 1797 1033 1883 Τόξαρις]
1058 1797 1146 1885 (exp.
1176 1798 1312 1877 Herw.).

240 1911 478 1993 συνεβούλευσεν.
511 1915 556 1978 Ut
583 1915 778 1977 constructio
801 1915 860 1975 sibi
883 1924 1016 1989 constet,
1042 1914 1180 1975 rescribo
1204 1911 1313 1994 ἔσβεσε

240 2046 298 2108 pro
322 2025 449 2108 σβέσας.

277 2291 294 2351 1)
314 2293 396 2340 Ueber
412 2293 495 2341 Citate
514 2293 565 2340 und
582 2292 786 2340 Reminiszcnzen
805 2309 848 2340 aus
864 2292 985 2340 Dichtern
996 2292 1037 2340 bei
1046 2291 1141 2340 Lucian
1151 2291 1202 2338 und
1212 2291 1313 2354 einigen

240 2379 353 2434 sptteren
370 2372 561 2420 Schrisstellern.
578 2373 724 2434 Programm
749 2373 793 2420 der
809 2373 842 2420 K.
852 2373 877 2424 b.
894 2371 1228 2421 StudienanstaltEichsttttt
1240 2370 1313 2421 1888.
