3120 5160
375 659 594 722 Annrcnrus

375 773 410 836 C.
435 791 465 853 9.
490 776 541 836 καί
564 773 615 836 τόν
637 777 725 853 νόμον
745 776 814 859 ὀίρτι
829 773 887 853 μὲν
898 771 1142 859 συνοργίζεσθαι,
1156 775 1241 855 μετα
1254 778 1357 862 μικρὸν
1371 778 1404 839 δὲ

329 887 461 952 λύεσθαι
494 894 546 953 καί
580 891 671 954 τοίλιν
706 894 812 970 ὁμοίως
845 891 965 976 ἰσχυρὸν
996 892 1079 953 εἶναι.
1111 893 1216 954 Possis
1248 895 1404 976 suspicari

328 1002 412 1082 κᾷτα
446 1027 516 1067 esse
546 1006 766 1087 reponendum
802 1027 861 1089 pro
896 1010 964 1082 καί,
1000 1006 1066 1068 fieri
1096 1008 1192 1070 etiam
1225 1018 1334 1090 potest
1366 1020 1404 1075 ut

327 1123 456 1203 gravius
490 1123 530 1184 sit
564 1132 733 1202 peccatum
768 1131 801 1184 et
834 1121 910 1183 olim
942 1123 1095 1204 scriptum
1125 1121 1234 1186 fuerit:
1265 1127 1320 1187 καί
1349 1125 1404 1188 τὸν

326 1240 415 1316 νόμον
447 1237 516 1322 ὀρτι
546 1235 604 1316 μὲν
637 1232 882 1321 συνοργίζεσθαι,
914 1237 983 1320 σ’ίρτι
1013 1235 1045 1298 δὲ
1076 1232 1208 1299 λύεσθαι
1239 1240 1292 1299 καί
1314 1237 1403 1318 μετὰ

326 1350 429 1435 μιαρὸν
459 1350 550 1413 σοίλιν
577 1353 681 1430 ὁμοίως
713 1350 834 1434 ι’σχυρόν
865 1347 946 1412 εἶναι.
971 1349 1032 1436 (Cf.
1056 1372 1082 1414 e.
1108 1367 1146 1412 10
1168 1349 1232 1412 ου’ὂὲ
1253 1352 1322 1436 ὀίρτι
1342 1350 1404 1431 μὲν

325 1460 467 1536 λύεσθαι,
500 1465 568 1549 ὀίρτι
592 1464 623 1525 δὲ
647 1467 758 1548 κυρίους
782 1464 853 1526 εἶναι
880 1465 948 1535 τούς
972 1462 1102 1550 νόμους).
1126 1466 1258 1527 Prorsus
1281 1487 1401 1528 conve·

325 1581 371 1642 nit
399 1579 519 1641 Toxar.
554 1597 591 1659 13
622 1579 690 1663 ὀίρτι
722 1579 779 1659 μὲν
811 1579 894 1663 ὀργῇ,
924 1579 992 1663 ὀίρτι
1016 1579 1048 1641 δὲ
1070 1583 1215 1657 κολακεία
1239 1581 1292 1641 καί
1313 1580 1400 1660 μετα

324 1693 427 1779 μικρὸν
451 1695 605 1780 ὑπεροψίᾳ.
629 1694 820 1755 Tenendum
844 1695 928 1755 enim
953 1704 1001 1756 est
1024 1695 1113 1776 quod
1135 1695 1260 1776 scripsit
1282 1694 1400 1758 Sakor-

323 1808 442 1891 raphus
466 1810 598 1891 (Mnem.
625 1810 676 1890 '93
701 1829 754 1890 pg.
778 1805 856 1893 275)
877 1808 917 1870 ad
931 1809 971 1870 D.
984 1809 1024 1870 D.
1039 1809 1136 1871 XXV
1154 1827 1164 1871 1
1182 1807 1399 1891 ἀφηνιάζουσιν

323 1918 415 1994 εὐθυς
439 1960 478 1969 -
505 1924 573 2009 ὀίρτι
596 1922 654 2002 μὲν
675 1921 720 1985 εἰτί
740 1922 781 1985 τοὶ
800 1922 885 1995 λαιοὶ,
900 1924 971 2002 μετ’
984 1923 1086 2000 ὀλίγον
1098 1925 1130 1986 δὲ
1143 1923 1191 1986 εἰεί
1202 1922 1244 1986 τοὶ
1257 1924 1343 2003 δεξιοὶ
1356 1962 1399 1971 -

322 2039 375 2098 καί
396 2038 457 2099 ίίνιυ
480 2039 533 2098 καί
554 2036 638 2099 κοίτυ
661 2039 714 2098 καί
736 2039 809 2107 ὀλυς
833 2032 913 2098 ἔνθα
937 2036 1095 2119 ἐβούλοντο
1119 2038 1226 2101 αότοίτ
1247 2061 1399 2121 „suspec-

322 2163 391 2215 tum
415 2164 463 2215 est
486 2153 570 2216 istud
594 2154 665 2233 μετ’
690 2152 792 2231 ὀλίγον
815 2153 856 2225 δὲ,
881 2155 970 2215 cuius
991 2154 1062 2216 loco
1083 2155 1224 2218 fortassis
1236 2155 1398 2218 Lucianus

321 2268 453 2331 dederat
472 2269 541 2352 οίρτι
558 2268 599 2339 δέ,
622 2267 669 2330 uti
688 2267 779 2330 solet.
793 2267 839 2330 cf.
854 2267 1014 2331 Prometh.
1029 2269 1084 2351 (ΙΙ)
1099 2269 1128 2346 6,
1142 2270 1264 2352 Nigrin.
1278 2289 1309 2350 4,
1323 2272 1398 2333 Pro-

321 2381 419 2444 meth.
452 2379 525 2466 (VI)
563 2397 599 2461 17
625 2381 720 2443 D.D.
751 2399 799 2461 ιι,
829 2399 852 2458 ι,
876 2381 1033 2463 Necyom.
1058 2400 1089 2460 4,
1111 2384 1151 2445 de
1171 2385 1268 2448 Merc.
1294 2385 1395 2449 Cond.

326 2495 374 2578 16,
398 2496 438 2557 de
462 2496 568 2558 Morte
589 2496 714 2577 Peregr.
741 2513 789 2576 19,
811 2495 1013 2578 Philopseud.
1038 2510 1066 2576 5,
1087 2497 1127 2559 D.
1150 2499 1278 2563 Meretr.
1304 2517 1395 2575 12,1.

320 2611 444 2672 Eodem
475 2611 572 2672 modo
600 2611 777 2692 corrigendi
804 2621 880 2674 sunt
910 2612 970 2674 loci
997 2612 1155 2694 Necyom.
1186 2614 1224 2676 16
1247 2615 1316 2699 ίίρτι
1339 2614 1397 2694 μὲν

320 2722 489 2810 Κρέοντας,
525 2725 616 2787 ἐνίοτε
650 2725 681 2787 δὲ
711 2723 871 2811 Πριαμους
902 2729 1111 2806 γιγνομένους,
1135 2728 1188 2790 Bis
1221 2730 1392 2827 Accus31

320 2841 389 2924 ὀίρτι
412 2839 468 2919 μὲν
492 2838 575 2918 αὐτῷ
600 2839 628 2903 ἐν
653 2837 788 2917 Δελφοῖς
814 2877 852 2886 -
873 2841 945 2920 μετ’
967 2841 1068 2920 ὀλίγον
1089 2843 1120 2904 δὲ
1142 2842 1170 2913 ἐς
1184 2841 1394 2921 Κολοφῶνα.”

231 2995 232 2998 ¹
319 2953 443 3036 Quodsi
467 2974 541 3015 vere
564 2952 643 3015 haec
667 2954 859 3030 observavit,
885 2966 1019 3036 apparet
1042 2955 1175 3018 alteram
1200 2978 1305 3019 meam
1327 2979 1396 3019 cor-

318 3069 492 3130 rectionem
524 3069 626 3129 solnm
658 3089 767 3130 veram
799 3088 869 3130 esse
899 3090 1002 3150 posse,
1028 3071 1077 3133 At
1100 3071 1242 3132 nondum
1266 3093 1395 3153 prorsus

318 3185 477 3264 persuasit
501 3183 577 3244 mihi
601 3204 630 3244 v.
645 3185 676 3244 d.

362 3296 396 3359 C.
428 3313 475 3358 10.
501 3299 574 3359 ὅταν
598 3296 628 3358 δὲ
654 3297 697 3375 μὴ
721 3297 791 3358 κατ’
818 3293 968 3373 ὀινοίγκνν,
994 3294 1065 3358 αλλ’
1088 3297 1132 3360 εἰτ’
1156 3297 1395 3372 ἐξουσίαςαυτός

318 3433 362 3481 τις
396 3409 456 3489 ἀφ’
492 3409 602 3474 ἑαυτοῦ
633 3413 686 3472 καί
717 3410 884 3489 ὂοκιμοίσας
918 3408 1076 3493 ὀιναλοίβγ,
1112 3417 1158 3483 τίς
1189 3417 1233 3475 ε”τι
1265 3416 1394 3495 μηχανὴ

318 3523 584 3608 μεταβάλλεσθαι
608 3532 624 3602 ἦ
646 3531 690 3597 τίς
711 3529 755 3588 ἔτι
778 3530 884 3611 χρῆσις
897 3528 1050 3598 ὑπόλοιπος
1062 3531 1115 3590 τοῦ
1126 3533 1233 3608 νόμον,
1247 3530 1395 3591 Nemone

317 3641 483 3724 hucusque
513 3644 543 3704 in
572 3642 651 3704 haec
682 3643 780 3703 verba
804 3641 934 3704 offendit
959 3664 1062 3724 neque
1085 3645 1265 3707 criticorum
1290 3666 1394 3726 neque

317 3756 548 3839 interpretum?
573 3757 621 3818 At
645 3756 755 3837 procul
778 3756 876 3817 dubio
899 3767 1068 3838 peccatum
1092 3768 1141 3821 est
1161 3759 1343 3840 etquidem,
1359 3771 1394 3823 ut

318 3890 390 3932 mea
420 3871 527 3951 opinio
562 3870 630 3946 sert,
667 3869 914 3931 describentium
949 3871 1103 3947 socordia,
1138 3893 1202 3953 qua
1233 3875 1393 3955 quaedam

317 3985 513 4048 exciderunt.
534 3985 618 4048 Vide
639 4004 678 4045 ne
701 3982 780 4046 haec
804 3983 879 4044 olim
904 3985 1021 4065 scripta
1044 3985 1174 4048 fuerint:
1199 3989 1274 4050 ὀταν
1294 3988 1324 4050 δὲ
1349 3988 1393 4068 μὴ

317 4099 387 4159 κατ’
421 4096 571 4175 ὀινιίγκην,
604 4095 676 4159 αλλ’
710 4096 754 4160 ἐτ’
788 4096 924 4176 ἐξουσίας
956 4100 1047 4170 αιίτός
1076 4123 1118 4170 τις
1144 4099 1194 4178 ἐφ’
1219 4101 1292 4187 (pro
1316 4101 1389 4186 ἀφ’)

317 4213 426 4274 ἑαυτοῦ
460 4213 628 4290 ὂοαιραοίσας
663 4215 716 4273 καί
752 4209 952 4296 (ὀινακηρύξρ)
987 4217 1039 4274 καί
1073 4211 1230 4295 ὀιναλοίβγ,
1267 4219 1312 4286 τίς
1346 4220 1391 4278 ἔτι
