3120 5160
404 630 458 692 Du
482 629 721 695 SALTATIONE.

405 745 440 809 C.
482 764 530 826 19.
567 749 604 816 ὡς
638 749 691 808 καί
725 747 833 818 ὕδατος
868 749 1025 831 ὑγρότητα
1061 744 1228 827 μιμεῖσθαι
1262 751 1312 810 καί
1346 746 1440 831 πυρὸς

361 860 496 939 όξότητα
550 860 579 923 ἑν
629 865 666 940 τῇ
712 867 765 939 της
811 866 946 940 κινησειυς
990 861 1171 948 σφοδρότητι
1217 866 1270 925 καί
1314 864 1440 933 λέοντος

361 971 535 1059 ἀγριότητα
562 977 626 1037 κτὲ.
658 975 767 1038 Verba
799 975 828 1038 ἐν
857 981 894 1054 τη
926 983 979 1052 της
1010 982 1145 1054 κινήσεως
1176 974 1341 1056 σφοόότητι
1373 977 1439 1039 sor-

361 1097 447 1151 tasse
478 1090 621 1170 magistri
651 1101 726 1152 sunt
749 1091 1022 1168 additamentum;
1048 1086 1231 1173 discerpunt
1253 1093 1438 1154 orationem

361 1204 428 1264 sine
462 1204 545 1266 iusta
577 1224 683 1265 causa.
720 1205 857 1267 Accedit
888 1205 975 1286 quod
999 1226 1075 1286 prae
1098 1207 1209 1268 ceteris
1234 1206 1283 1267 hic
1307 1205 1436 1267 libellus

360 1326 463 1380 scatet
504 1317 817 1399 interpolationibus3
860 1320 936 1400 quin
972 1319 1040 1400 ipsa
1075 1319 1297 1401 praecedentia
1332 1320 1437 1382 verba

361 1432 414 1492 καί
447 1427 715 1512 μεταβάλλεσθαι
749 1453 766 1493 e
798 1443 889 1494 textu
920 1433 1033 1494 abesse
1063 1433 1179 1495 debere
1210 1453 1284 1494 vere
1314 1433 1438 1496 iudicat

362 1544 604 1608 Herwerdenus.

406 1658 580 1740 Postquam
604 1681 621 1722 c
657 1677 699 1739 24
722 1656 813 1730 εὐθύς
837 1662 1017 1742 transposui
1040 1670 1115 1742 post
1138 1658 1274 1731 Μούσας
1297 1670 1330 1723 et
1348 1682 1376 1725 e.
1392 1677 1432 1742 25

362 1769 529 1856 ἐξευρόντες
555 1775 698 1856 rescripsi
722 1796 780 1856 pro
804 1773 987 1859 ἐφευρόντες,
1012 1774 1233 1856 disputaturus
1256 1795 1327 1837 sum
1349 1796 1376 1837 c.
1391 1775 1436 1836 66

361 1886 401 1947 de
428 1888 550 1950 verbis:
577 1887 639 1951 ἐπεὶ
661 1889 694 1951 δέ
716 1885 839 1969 ἔμαθεν
863 1893 907 1952 ότι
930 1893 946 1952 ό
969 1890 1060 1961 αὐτὸς
1084 1892 1280 1975 ὑποκρινεῖται
1303 1893 1355 1952 καί
1379 1892 1435 1952 ὑπ·

361 2003 525 2085 ορχησεται
556 2002 598 2065 τοὶ
629 2003 743 2070 ποίντα.
774 2003 965 2086 Synonyma
996 2015 1071 2068 sunt
1099 2000 1309 2089 ὑποκρίνεσθαι
1332 2014 1365 2067 et
1388 2004 1436 2089 όρ-

361 2112 492 2195 χεῖσθαι
528 2139 603 2179 cum
636 2121 818 2181 accusativo
852 2120 1013 2197 iunctum3
1049 2119 1086 2181 cf.
1122 2141 1206 2201 quae
1239 2119 1438 2200 praecedunt

361 2235 438 2301 τίνες
476 2235 503 2293 oi
530 2232 725 2317 ὀρχησόμενοι
754 2236 807 2296 καί
835 2236 1067 2319 ὑποκρινούμενοι
1100 2234 1142 2296 τοὶ
1173 2233 1262 2297 λοιποὶ
1293 2239 1435 2319 πρόσωπα

361 2345 434 2431 (pro
469 2355 633 2432 προσωπεῖα
668 2348 748 2412 Cob.
784 2349 825 2411 V.
857 2349 895 2410 L.
926 2369 981 2430 pg.
1014 2361 1052 2426 25
1060 2362 1075 2427 5
1108 2359 1143 2410 ut
1166 2349 1267 2436 tribus
1290 2349 1435 2410 versibus

362 2473 436 2524 ante
468 2471 553 2524 recte
583 2461 711 2547 legitur)
736 2462 801 2539 είεη
825 2484 851 2526 c.
878 2465 919 2526 80
941 2443 1002 2532 τας
1025 2460 1089 2547 γοὶρ
1115 2461 1185 2532 Διὸς
1208 2461 1303 2539 γονας
1327 2462 1434 2547 όρχοό-

362 2579 451 2654 μενός
474 2600 518 2646 τις
541 2580 593 2639 καὶ
615 2577 670 2654 την
694 2575 747 2640 του
766 2575 884 2656 Κρόνου
903 2576 1126 2655 τεκνοφαγίαν,
1148 2584 1335 2663 παρωρχεῖτο
1357 2578 1435 2661 [καὶ]

362 2687 486 2775 (Sbtius
520 2712 584 2753 om.
617 2713 690 2754 cum
720 2693 812 2755 codd.
837 2689 944 2777 Vatt.)
967 2692 1025 2762 τοὶς
1048 2690 1183 2754 Θυέστου
1206 2691 1367 2778 συμφορας
1390 2699 1435 2770 τῷ

361 2807 451 2883 ὁμοίῳ
493 2807 697 2891 παρηγμένος,
740 2808 794 2887 qui
828 2807 916 2868 locus
949 2828 969 2868 a
998 2805 1091 2869 Sbtio
1125 2816 1211 2869 recte
1244 2807 1433 2888 explicatur.

301 2987 302 2990 η
361 2917 509 3000 Denique
532 2917 667 2981 conferri
690 2930 799 3001 potest
822 2941 848 2982 c.
875 2922 914 3000 83
940 2920 1120 3005 ὀρχούμενος
1144 2919 1208 3004 γαρ
1232 2921 1282 2983 τόν
1303 2918 1433 2983 Αίαντα

362 3043 395 3094 et
435 3054 461 3095 e.
496 3036 538 3111 84
568 3035 730 3096 αἰτούντων
761 3033 824 3120 γαρ
860 3030 951 3105 αὖθις
984 3040 1042 3098 τῶν
1073 3034 1309 3118 [συ]στασιιυτῶν
1340 3033 1434 3097 αὐτοῦ

362 3145 420 3231 (ita
454 3146 564 3210 Sbtius
599 3169 672 3210 cunr
708 3150 790 3210 codd
835 3150 926 3212 Vatt.
963 3159 995 3210 et
1028 3150 1126 3211 Marc.
1162 3170 1220 3230 pro
1252 3146 1358 3234 αὐτόν)
1383 3149 1434 3212 τὸν

364 3262 493 3326 Αίαντα
527 3261 724 3350 ὀρχήσασθαι
757 3265 868 3348 αὐτοῖς,
901 3265 1175 3350 παραστησόμενος
1205 3265 1256 3328 τόν
1279 3266 1434 3350 ὑποκριτὴν

363 3375 422 3456 ἔφη
458 3379 526 3464 πρός
561 3379 594 3441 τό
620 3375 761 3464 θέατρον·
786 3378 903 3442 Ἱκανόν
928 3377 1006 3441 ἐστιν
1030 3390 1109 3451 κτα,
1133 3400 1218 3461 quae
1241 3380 1339 3441 verba
1361 3380 1433 3440 ideo

363 3491 528 3574 exscripsi,
559 3494 647 3574 quod
674 3514 751 3555 sana
774 3493 850 3555 mihi
874 3513 938 3554 non
962 3494 1119 3555 videntur.
1143 3493 1264 3576 Lepide
1287 3493 1433 3555 Herwer-

363 3609 464 3670 denus
484 3610 528 3670 ita
548 3630 585 3670 ea
606 3609 744 3690 explicat
768 3619 804 3671 ut
826 3607 1022 3690 significent:
1047 3608 1154 3685 „victo
1178 3606 1223 3693 (in
1243 3603 1292 3691 se)
1314 3616 1433 3687 actore,

363 3724 382 3783 i.
396 3743 423 3784 e.
455 3723 539 3784 victa
561 3723 662 3783 laudis
685 3722 880 3804 plaususque
902 3722 1087 3803 cupiditate,
1111 3721 1271 3783 actoribus
1295 3720 1432 3801 propria.

364 3836 450 3898 Nam
480 3832 692 3921 παρίστασθαι
715 3846 794 3898 noto
818 3857 877 3897 usu
902 3836 1016 3898 dicitur
1039 3856 1097 3916 pro
1121 3831 1432 3921 καταστρέφεσθαι.”

364 3952 473 4014 Acute
496 3952 662 4013 inventum
685 3971 762 4012 num
786 3952 882 4012 etiam
904 3971 1014 4012 verum
1027 3951 1076 4026 sit,
1090 3949 1298 4014 vehementer
1309 3950 1432 4013 dubito.

363 4066 523 4128 Innumeri
557 4076 632 4128 sunt
665 4065 725 4126 loci
759 4065 845 4146 apud
882 4074 1004 4127 veteres
1034 4065 1203 4146 scriptores
1234 4064 1288 4126 ubi
1319 4064 1435 4146 legitur

364 4174 576 4264 παρίστασθαι
584 4203 593 4255 3
617 4180 730 4240 dicitur
752 4185 796 4252 (et
819 4199 948 4259 prorsus
967 4177 1029 4240 hoc
1048 4178 1197 4240 convenit
1218 4199 1291 4240 cum
1305 4179 1432 4260 propria
