<?xml version="1.0" encoding="UTF-8"?>
<!DOCTYPE html PUBLIC "-//W3C//DTD XHTML 1.0 Transitional//EN"
    "http://www.w3.org/TR/xhtml1/DTD/xhtml1-transitional.dtd">
<html xmlns="http://www.w3.org/1999/xhtml" xml:lang="en" lang="en">
 <head>
  <title>
</title>
<meta http-equiv="Content-Type" content="text/html;charset=utf-8" />
  <meta name='ocr-system' content='tesseract 3.04.00' />
  <meta name='ocr-capabilities' content='ocr_page ocr_carea ocr_par ocr_line ocrx_word'/>
</head>
<body>
  <div class='ocr_page' id='page_1' title='image "./exercitationesc00jonggoog_0061.png"; bbox 0 0 3120 5160; ppageno 0'>
   <div class='ocr_carea' id='block_1_1' title="bbox 759 465 803 543">
    <p class='ocr_par' dir='ltr' id='par_1_1' title="bbox 759 465 803 543">
     <span class='ocr_line' id='line_1_1' title="bbox 759 465 803 543; baseline 0 -17"><span class='ocrx_word' id='word_1_1' title='bbox 759 465 803 543; x_wconf 82' lang='grc'><strong>46</strong></span> 
     </span>
    </p>
   </div>
   <div class='ocr_carea' id='block_1_2' title="bbox 239 650 1317 3486">
    <p class='ocr_par' dir='ltr' id='par_1_2' title="bbox 239 650 1316 2674">
     <span class='ocr_line' id='line_1_2' title="bbox 239 650 1316 740; baseline 0 -24"><span class='ocrx_word' id='word_1_2' title='bbox 239 650 454 738; x_wconf 75' lang='grc' dir='ltr'><em>ὲκδιφρευθείς,</em></span> <span class='ocrx_word' id='word_1_3' title='bbox 479 656 531 715; x_wconf 71' lang='grc' dir='ltr'><strong>καὶ</strong></span> <span class='ocrx_word' id='word_1_4' title='bbox 554 657 678 739; x_wconf 77' lang='grc' dir='ltr'><em>αἴγειροι</em></span> <span class='ocrx_word' id='word_1_5' title='bbox 701 650 900 732; x_wconf 84' lang='grc' dir='ltr'><em>γενέσθωσαν</em></span> <span class='ocrx_word' id='word_1_6' title='bbox 925 654 971 718; x_wconf 77' lang='grc' dir='ltr'><em>ε’σι</em></span> <span class='ocrx_word' id='word_1_7' title='bbox 994 653 1036 732; x_wconf 76' lang='grc' dir='ltr'><strong>τῷ</strong></span> <span class='ocrx_word' id='word_1_8' title='bbox 1055 650 1152 716; x_wconf 88' lang='grc' dir='ltr'><em>ταθει</em></span> <span class='ocrx_word' id='word_1_9' title='bbox 1172 660 1316 740; x_wconf 85' lang='grc' dir='ltr'><em>ῆλεκτρον</em></span> 
     </span>
     <span class='ocr_line' id='line_1_3' title="bbox 241 767 1314 853; baseline 0.001 -23"><span class='ocrx_word' id='word_1_10' title='bbox 241 767 299 831; x_wconf 78' lang='grc' dir='ltr'><em>εἰτ’</em></span> <span class='ocrx_word' id='word_1_11' title='bbox 332 768 435 846; x_wconf 79' lang='grc' dir='ltr'><em>αύτῷ</em></span> <span class='ocrx_word' id='word_1_12' title='bbox 467 770 724 853; x_wconf 72' lang='grc' dir='ltr'><strong>δακρύουσαι.</strong></span> <span class='ocrx_word' id='word_1_13' title='bbox 748 767 810 853; x_wconf 82' lang='lat' dir='ltr'><strong>(Ita</strong></span> <span class='ocrx_word' id='word_1_14' title='bbox 834 769 940 831; x_wconf 88' lang='lat' dir='ltr'><strong>locum</strong></span> <span class='ocrx_word' id='word_1_15' title='bbox 965 770 1131 832; x_wconf 83' lang='lat' dir='ltr'><strong>constituit</strong></span> <span class='ocrx_word' id='word_1_16' title='bbox 1153 767 1314 832; x_wconf 81' lang='lat' dir='ltr'><strong>Schwart-</strong></span> 
     </span>
     <span class='ocr_line' id='line_1_4' title="bbox 239 882 1316 968; baseline -0.002 -22"><span class='ocrx_word' id='word_1_17' title='bbox 239 882 328 968; x_wconf 87' lang='lat' dir='ltr'><strong>zius).</strong></span> <span class='ocrx_word' id='word_1_18' title='bbox 364 885 530 946; x_wconf 84' lang='lat' dir='ltr'><strong>Praeterea</strong></span> <span class='ocrx_word' id='word_1_19' title='bbox 563 885 594 945; x_wconf 86' lang='lat' dir='ltr'><strong>in</strong></span> <span class='ocrx_word' id='word_1_20' title='bbox 628 885 668 946; x_wconf 87' lang='lat' dir='ltr'><strong>de</strong></span> <span class='ocrx_word' id='word_1_21' title='bbox 703 883 832 946; x_wconf 86' lang='lat' dir='ltr'><strong>Electro</strong></span> <span class='ocrx_word' id='word_1_22' title='bbox 863 886 928 946; x_wconf 80' lang='lat' dir='ltr'><strong>init.</strong></span> <span class='ocrx_word' id='word_1_23' title='bbox 964 882 1136 968; x_wconf 88' lang='grc' dir='ltr'><em>Ἠλέκτρου</em></span> <span class='ocrx_word' id='word_1_24' title='bbox 1167 885 1230 968; x_wconf 74' lang='grc' dir='ltr'><em>πέρι</em></span> <span class='ocrx_word' id='word_1_25' title='bbox 1262 886 1316 945; x_wconf 69' lang='grc' dir='ltr'><strong>καὶ</strong></span> 
     </span>
     <span class='ocr_line' id='line_1_5' title="bbox 239 993 1314 1082; baseline -0.003 -22"><span class='ocrx_word' id='word_1_26' title='bbox 239 1000 322 1078; x_wconf 74' lang='grc' dir='ltr'><em>ὑμᾶς</em></span> <span class='ocrx_word' id='word_1_27' title='bbox 356 998 471 1074; x_wconf 84' lang='grc' dir='ltr'><em>δῆλαδῆ</em></span> <span class='ocrx_word' id='word_1_28' title='bbox 506 1001 519 1059; x_wconf 83' lang='grc' dir='ltr'><em>ὁ</em></span> <span class='ocrx_word' id='word_1_29' title='bbox 549 993 652 1078; x_wconf 82' lang='grc' dir='ltr'><em>μῦθος</em></span> <span class='ocrx_word' id='word_1_30' title='bbox 682 999 826 1066; x_wconf 73' lang='grc' dir='ltr'><em>πέπεικεν,</em></span> <span class='ocrx_word' id='word_1_31' title='bbox 852 999 1000 1082; x_wconf 70' lang='grc' dir='ltr'><em>αἰγείρους</em></span> <span class='ocrx_word' id='word_1_32' title='bbox 1024 996 1070 1059; x_wconf 77' lang='grc' dir='ltr'><strong>ἐτι</strong></span> <span class='ocrx_word' id='word_1_33' title='bbox 1092 1002 1134 1059; x_wconf 82' lang='grc' dir='ltr'><strong>τῶ</strong></span> <span class='ocrx_word' id='word_1_34' title='bbox 1158 994 1314 1081; x_wconf 82' lang='grc' dir='ltr'><em>Ἠριδανῷ</em></span> 
     </span>
     <span class='ocr_line' id='line_1_6' title="bbox 240 1106 1314 1196; baseline -0.001 -24"><span class='ocrx_word' id='word_1_35' title='bbox 240 1112 425 1195; x_wconf 86' lang='grc' dir='ltr'><em>δακρύειν</em></span> <span class='ocrx_word' id='word_1_36' title='bbox 460 1109 558 1173; x_wconf 80' lang='grc' dir='ltr'><em>αύτδ</em></span> <span class='ocrx_word' id='word_1_37' title='bbox 591 1106 757 1196; x_wconf 83' lang='grc' dir='ltr'><em>θρῆνούσας</em></span> <span class='ocrx_word' id='word_1_38' title='bbox 792 1110 843 1173; x_wconf 74' lang='grc' dir='ltr'><strong>τὸν</strong></span> <span class='ocrx_word' id='word_1_39' title='bbox 874 1107 1054 1183; x_wconf 86' lang='grc' dir='ltr'><em>Φαέθοντα,</em></span> <span class='ocrx_word' id='word_1_40' title='bbox 1085 1113 1136 1172; x_wconf 79' lang='grc' dir='ltr'><strong>καὶ</strong></span> <span class='ocrx_word' id='word_1_41' title='bbox 1170 1106 1314 1189; x_wconf 75' lang='grc' dir='ltr'><em>ἀδελφάς</em></span> 
     </span>
     <span class='ocr_line' id='line_1_7' title="bbox 240 1221 1311 1310; baseline -0.002 -22"><span class='ocrx_word' id='word_1_42' title='bbox 240 1248 280 1303; x_wconf 87' lang='grc' dir='ltr'><strong>γε</strong></span> <span class='ocrx_word' id='word_1_43' title='bbox 314 1223 387 1286; x_wconf 78' lang='grc' dir='ltr'><em>εἶναι</em></span> <span class='ocrx_word' id='word_1_44' title='bbox 421 1224 479 1295; x_wconf 78' lang='grc' dir='ltr'><em>τοὶς</em></span> <span class='ocrx_word' id='word_1_45' title='bbox 513 1226 661 1310; x_wconf 77' lang='grc' dir='ltr'><em>αἰγείρους</em></span> <span class='ocrx_word' id='word_1_46' title='bbox 697 1224 809 1295; x_wconf 75' lang='grc' dir='ltr'><em>ἐκείνας</em></span> <span class='ocrx_word' id='word_1_47' title='bbox 832 1229 885 1287; x_wconf 79' lang='grc' dir='ltr'><strong>τοῦ</strong></span> <span class='ocrx_word' id='word_1_48' title='bbox 908 1221 1095 1296; x_wconf 87' lang='grc' dir='ltr'><em>Φαέθοντος,</em></span> <span class='ocrx_word' id='word_1_49' title='bbox 1120 1225 1187 1287; x_wconf 80' lang='grc' dir='ltr'><em>εἶτα</em></span> <span class='ocrx_word' id='word_1_50' title='bbox 1214 1223 1311 1308; x_wconf 83' lang='grc' dir='ltr'><em>ὀδυρο-</em></span> 
     </span>
     <span class='ocr_line' id='line_1_8' title="bbox 241 1334 1314 1424; baseline -0.002 -24"><span class='ocrx_word' id='word_1_51' title='bbox 241 1341 336 1417; x_wconf 84' lang='grc' dir='ltr'><em>μένας</em></span> <span class='ocrx_word' id='word_1_52' title='bbox 368 1339 402 1401; x_wconf 85' lang='grc' dir='ltr'><strong>τδ</strong></span> <span class='ocrx_word' id='word_1_53' title='bbox 426 1339 577 1424; x_wconf 87' lang='grc' dir='ltr'><em>μειράκιον</em></span> <span class='ocrx_word' id='word_1_54' title='bbox 601 1337 780 1417; x_wconf 71' lang='grc' dir='ltr'><em>ἀλλαγῆναι</em></span> <span class='ocrx_word' id='word_1_55' title='bbox 804 1338 833 1410; x_wconf 81' lang='grc' dir='ltr'><strong>ἐς</strong></span> <span class='ocrx_word' id='word_1_56' title='bbox 856 1339 898 1401; x_wconf 80' lang='grc' dir='ltr'><strong>τά</strong></span> <span class='ocrx_word' id='word_1_57' title='bbox 923 1339 1027 1424; x_wconf 79' lang='grc' dir='ltr'><em>δένδρα</em></span> <span class='ocrx_word' id='word_1_58' title='bbox 1052 1342 1105 1400; x_wconf 78' lang='grc' dir='ltr'><strong>καῖ</strong></span> <span class='ocrx_word' id='word_1_59' title='bbox 1128 1334 1314 1418; x_wconf 76' lang='grc' dir='ltr'><em>ἀποστάζειν</em></span> 
     </span>
     <span class='ocr_line' id='line_1_9' title="bbox 241 1450 1313 1540; baseline -0.001 -24"><span class='ocrx_word' id='word_1_60' title='bbox 241 1453 310 1537; x_wconf 83' lang='grc' dir='ltr'><em>[ἔτι]</em></span> <span class='ocrx_word' id='word_1_61' title='bbox 347 1452 425 1539; x_wconf 84' lang='lat' dir='ltr'><strong>(om.</strong></span> <span class='ocrx_word' id='word_1_62' title='bbox 457 1454 554 1515; x_wconf 85' lang='lat' dir='ltr'><strong>Mare.</strong></span> <span class='ocrx_word' id='word_1_63' title='bbox 586 1453 669 1534; x_wconf 78' lang='lat' dir='ltr'><strong>436l</strong></span> <span class='ocrx_word' id='word_1_64' title='bbox 702 1454 801 1516; x_wconf 79' lang='grc' dir='ltr'><em>αὐτῶν</em></span> <span class='ocrx_word' id='word_1_65' title='bbox 833 1454 957 1540; x_wconf 88' lang='grc' dir='ltr'><em>δάκρυον</em></span> <span class='ocrx_word' id='word_1_66' title='bbox 987 1450 1081 1531; x_wconf 88' lang='grc' dir='ltr'><em>δῆθεν</em></span> <span class='ocrx_word' id='word_1_67' title='bbox 1104 1454 1138 1516; x_wconf 77' lang='grc' dir='ltr'><strong>τὸ</strong></span> <span class='ocrx_word' id='word_1_68' title='bbox 1162 1459 1313 1539; x_wconf 81' lang='grc' dir='ltr'><strong>Ιῆλεκτρον.</strong></span> 
     </span>
     <span class='ocr_line' id='line_1_10' title="bbox 239 1568 1314 1652; baseline 0 -22"><span class='ocrx_word' id='word_1_69' title='bbox 239 1569 348 1652; x_wconf 56' lang='lat' dir='ltr'><strong>&gt;Quam</strong></span> <span class='ocrx_word' id='word_1_70' title='bbox 378 1569 502 1649; x_wconf 83' lang='lat' dir='ltr'>ingrate</span> <span class='ocrx_word' id='word_1_71' title='bbox 532 1569 687 1630; x_wconf 91' lang='lat' dir='ltr'><strong>verbosus</strong></span> <span class='ocrx_word' id='word_1_72' title='bbox 717 1568 768 1630; x_wconf 91' lang='lat' dir='ltr'><strong>hic</strong></span> <span class='ocrx_word' id='word_1_73' title='bbox 790 1579 838 1630; x_wconf 80' lang='lat' dir='ltr'><strong>est</strong></span> <span class='ocrx_word' id='word_1_74' title='bbox 861 1569 1032 1645; x_wconf 88' lang='lat' dir='ltr'><strong>Lucianus,</strong></span> <span class='ocrx_word' id='word_1_75' title='bbox 1056 1579 1178 1651; x_wconf 85' lang='lat' dir='ltr'>quanta</span> <span class='ocrx_word' id='word_1_76' title='bbox 1202 1568 1314 1650; x_wconf 87' lang='lat' dir='ltr'><strong>loqua-</strong></span> 
     </span>
     <span class='ocr_line' id='line_1_11' title="bbox 241 1681 1314 1766; baseline -0.003 -19"><span class='ocrx_word' id='word_1_77' title='bbox 241 1687 319 1748; x_wconf 83' lang='lat' dir='ltr'>citas</span> <span class='ocrx_word' id='word_1_78' title='bbox 350 1704 424 1746; x_wconf 89' lang='lat' dir='ltr'><strong>vere</strong></span> <span class='ocrx_word' id='word_1_79' title='bbox 455 1682 574 1744; x_wconf 85' lang='lat' dir='ltr'><strong>senilis!</strong></span> <span class='ocrx_word' id='word_1_80' title='bbox 606 1682 665 1763; x_wconf 82' lang='lat' dir='ltr'>(Cf.</span> <span class='ocrx_word' id='word_1_81' title='bbox 690 1682 883 1746; x_wconf 80' lang='lat' dir='ltr'><strong>Rothsteinii</strong></span> <span class='ocrx_word' id='word_1_82' title='bbox 906 1684 1004 1745; x_wconf 88' lang='lat' dir='ltr'><strong>verba</strong></span> <span class='ocrx_word' id='word_1_83' title='bbox 1028 1684 1069 1745; x_wconf 87' lang='lat' dir='ltr'><strong>ad</strong></span> <span class='ocrx_word' id='word_1_84' title='bbox 1095 1684 1242 1746; x_wconf 82' lang='lat' dir='ltr'><strong>Hermot.</strong></span> <span class='ocrx_word' id='word_1_85' title='bbox 1270 1681 1314 1766; x_wconf 81' lang='lat'><strong>3).</strong></span> 
     </span>
     <span class='ocr_line' id='line_1_12' title="bbox 241 1795 1314 1879; baseline -0.001 -18"><span class='ocrx_word' id='word_1_86' title='bbox 241 1800 303 1861; x_wconf 92' lang='lat' dir='ltr'><strong>Hic</strong></span> <span class='ocrx_word' id='word_1_87' title='bbox 326 1818 455 1879; x_wconf 89' lang='lat' dir='ltr'><strong>quoque</strong></span> <span class='ocrx_word' id='word_1_88' title='bbox 478 1797 562 1858; x_wconf 90' lang='lat' dir='ltr'><strong>idem</strong></span> <span class='ocrx_word' id='word_1_89' title='bbox 586 1795 661 1858; x_wconf 93' lang='lat' dir='ltr'><strong>mihi</strong></span> <span class='ocrx_word' id='word_1_90' title='bbox 684 1797 828 1878; x_wconf 84' lang='lat' dir='ltr'><strong>displicet</strong></span> <span class='ocrx_word' id='word_1_91' title='bbox 851 1799 938 1878; x_wconf 91' lang='lat' dir='ltr'><strong>quod</strong></span> <span class='ocrx_word' id='word_1_92' title='bbox 962 1799 992 1858; x_wconf 87' lang='lat' dir='ltr'><strong>in</strong></span> <span class='ocrx_word' id='word_1_93' title='bbox 1017 1798 1088 1860; x_wconf 93' lang='lat' dir='ltr'><strong>loco</strong></span> <span class='ocrx_word' id='word_1_94' title='bbox 1112 1798 1164 1860; x_wconf 95' lang='lat' dir='ltr'><strong>illo</strong></span> <span class='ocrx_word' id='word_1_95' title='bbox 1187 1799 1227 1860; x_wconf 88' lang='lat' dir='ltr'><strong>de</strong></span> <span class='ocrx_word' id='word_1_96' title='bbox 1249 1799 1314 1860; x_wconf 87' lang='lat' dir='ltr'><strong>As·</strong></span> 
     </span>
     <span class='ocr_line' id='line_1_13' title="bbox 241 1907 1313 1998; baseline -0.002 -22"><span class='ocrx_word' id='word_1_97' title='bbox 241 1914 391 1995; x_wconf 82' lang='lat' dir='ltr'><strong>trologia3</strong></span> <span class='ocrx_word' id='word_1_98' title='bbox 426 1922 461 1973; x_wconf 88' lang='lat' dir='ltr'><strong>ut</strong></span> <span class='ocrx_word' id='word_1_99' title='bbox 490 1912 532 1973; x_wconf 90' lang='lat' dir='ltr'><strong>ibi</strong></span> <span class='ocrx_word' id='word_1_100' title='bbox 561 1907 740 1996; x_wconf 72' lang='grc' dir='ltr'><em>δακρύουσαι</em></span> <span class='ocrx_word' id='word_1_101' title='bbox 769 1912 928 1990; x_wconf 86' lang='lat' dir='ltr'><strong>volebam,</strong></span> <span class='ocrx_word' id='word_1_102' title='bbox 960 1914 1004 1975; x_wconf 80' lang='lat' dir='ltr'><strong>ita</strong></span> <span class='ocrx_word' id='word_1_103' title='bbox 1026 1912 1077 1975; x_wconf 92' lang='lat' dir='ltr'><strong>hic</strong></span> <span class='ocrx_word' id='word_1_104' title='bbox 1100 1911 1313 1998; x_wconf 78' lang='grc' dir='ltr'><em>δακρυόν(τιον)</em></span> 
     </span>
     <span class='ocr_line' id='line_1_14' title="bbox 242 2022 1316 2111; baseline 0.001 -23"><span class='ocrx_word' id='word_1_105' title='bbox 242 2022 335 2104; x_wconf 90' lang='grc' dir='ltr'><em>δῆθεν</em></span> <span class='ocrx_word' id='word_1_106' title='bbox 365 2024 566 2087; x_wconf 88' lang='lat' dir='ltr'><strong>scribendum</strong></span> <span class='ocrx_word' id='word_1_107' title='bbox 597 2045 667 2086; x_wconf 89' lang='lat' dir='ltr'><strong>esse</strong></span> <span class='ocrx_word' id='word_1_108' title='bbox 697 2046 812 2088; x_wconf 91' lang='lat' dir='ltr'><strong>censeo</strong></span> <span class='ocrx_word' id='word_1_109' title='bbox 844 2022 961 2110; x_wconf 77' lang='grc' dir='ltr'><em>(αὐτῶν</em></span> <span class='ocrx_word' id='word_1_110' title='bbox 984 2048 1026 2089; x_wconf 90' lang='lat' dir='ltr'><strong>sc.</strong></span> <span class='ocrx_word' id='word_1_111' title='bbox 1052 2032 1111 2088; x_wconf 83' lang='grc' dir='ltr'><strong>τῶν</strong></span> <span class='ocrx_word' id='word_1_112' title='bbox 1133 2027 1255 2111; x_wconf 80' lang='grc' dir='ltr'><em>δένδρων</em></span> <span class='ocrx_word' id='word_1_113' title='bbox 1280 2037 1316 2089; x_wconf 87' lang='lat' dir='ltr'><strong>ut</strong></span> 
     </span>
     <span class='ocr_line' id='line_1_15' title="bbox 241 2137 1316 2224; baseline -0.003 -22"><span class='ocrx_word' id='word_1_114' title='bbox 241 2161 338 2222; x_wconf 85' lang='lat' dir='ltr'><strong>supra</strong></span> <span class='ocrx_word' id='word_1_115' title='bbox 369 2140 503 2224; x_wconf 79' lang='grc' dir='ltr'><em>δακρύειν</em></span> <span class='ocrx_word' id='word_1_116' title='bbox 527 2137 632 2221; x_wconf 85' lang='grc' dir='ltr'><em>αύτό).</em></span> <span class='ocrx_word' id='word_1_117' title='bbox 657 2140 802 2201; x_wconf 89' lang='lat' dir='ltr'><strong>Verbum</strong></span> <span class='ocrx_word' id='word_1_118' title='bbox 828 2144 949 2202; x_wconf 81' lang='grc' dir='ltr'><em>σταλάν</em></span> <span class='ocrx_word' id='word_1_119' title='bbox 972 2141 1031 2222; x_wconf 89' lang='lat' dir='ltr'><strong>ipsi</strong></span> <span class='ocrx_word' id='word_1_120' title='bbox 1054 2140 1197 2202; x_wconf 85' lang='lat' dir='ltr'><strong>Luciano</strong></span> <span class='ocrx_word' id='word_1_121' title='bbox 1220 2142 1316 2202; x_wconf 85' lang='lat' dir='ltr'><strong>inusi-</strong></span> 
     </span>
     <span class='ocr_line' id='line_1_16' title="bbox 242 2251 1316 2340; baseline 0 -25"><span class='ocrx_word' id='word_1_122' title='bbox 242 2263 345 2315; x_wconf 80' lang='lat' dir='ltr'><strong>tatum</strong></span> <span class='ocrx_word' id='word_1_123' title='bbox 378 2262 427 2313; x_wconf 81' lang='lat' dir='ltr'><strong>est</strong></span> <span class='ocrx_word' id='word_1_124' title='bbox 436 2274 443 2329; x_wconf 91' lang='lat'>;</span> <span class='ocrx_word' id='word_1_125' title='bbox 475 2252 538 2314; x_wconf 85' lang='lat' dir='ltr'><strong>sere</strong></span> <span class='ocrx_word' id='word_1_126' title='bbox 561 2272 688 2334; x_wconf 83' lang='lat' dir='ltr'>semper</span> <span class='ocrx_word' id='word_1_127' title='bbox 714 2251 839 2335; x_wconf 85' lang='grc' dir='ltr'><em>στάζειν</em></span> <span class='ocrx_word' id='word_1_128' title='bbox 862 2266 950 2340; x_wconf 63' lang='lat' dir='ltr'><strong>(cum</strong></span> <span class='ocrx_word' id='word_1_129' title='bbox 974 2253 1173 2336; x_wconf 85' lang='lat' dir='ltr'><strong>compositis)</strong></span> <span class='ocrx_word' id='word_1_130' title='bbox 1198 2254 1316 2336; x_wconf 84' lang='lat' dir='ltr'><strong>legitur</strong></span> 
     </span>
     <span class='ocr_line' id='line_1_17' title="bbox 241 2366 1314 2449; baseline 0.004 -21"><span class='ocrx_word' id='word_1_131' title='bbox 241 2388 272 2429; x_wconf 85' lang='grc' dir='ltr'><strong>υ.</strong></span> <span class='ocrx_word' id='word_1_132' title='bbox 296 2388 322 2429; x_wconf 90' lang='lat' dir='ltr'><strong>c.</strong></span> <span class='ocrx_word' id='word_1_133' title='bbox 347 2367 421 2428; x_wconf 85' lang='lat' dir='ltr'><strong>Ver.</strong></span> <span class='ocrx_word' id='word_1_134' title='bbox 448 2366 531 2428; x_wconf 85' lang='lat' dir='ltr'><strong>Hist.</strong></span> <span class='ocrx_word' id='word_1_135' title='bbox 554 2367 569 2427; x_wconf 93' lang='lat' dir='ltr'>I</span> <span class='ocrx_word' id='word_1_136' title='bbox 596 2383 644 2447; x_wconf 86' lang='lat'><strong>17,</strong></span> <span class='ocrx_word' id='word_1_137' title='bbox 670 2384 720 2445; x_wconf 86' lang='lat'><strong>24,</strong></span> <span class='ocrx_word' id='word_1_138' title='bbox 744 2368 848 2448; x_wconf 83' lang='lat'><strong>1129,</strong></span> <span class='ocrx_word' id='word_1_139' title='bbox 872 2369 912 2430; x_wconf 91' lang='lat' dir='ltr'><strong>de</strong></span> <span class='ocrx_word' id='word_1_140' title='bbox 935 2369 1040 2432; x_wconf 85' lang='lat' dir='ltr'><strong>Luctu</strong></span> <span class='ocrx_word' id='word_1_141' title='bbox 1057 2367 1170 2449; x_wconf 60' lang='lat' dir='ltr'>&#39;19‚D.</span> <span class='ocrx_word' id='word_1_142' title='bbox 1185 2369 1314 2432; x_wconf 85' lang='lat' dir='ltr'><strong>Meretr.</strong></span> 
     </span>
     <span class='ocr_line' id='line_1_18' title="bbox 242 2479 1305 2564; baseline 0.002 -22"><span class='ocrx_word' id='word_1_143' title='bbox 242 2481 320 2543; x_wconf 91' lang='lat' dir='ltr'>XIII</span> <span class='ocrx_word' id='word_1_144' title='bbox 342 2500 373 2558; x_wconf 87' lang='lat'><strong>4,</strong></span> <span class='ocrx_word' id='word_1_145' title='bbox 397 2479 515 2543; x_wconf 88' lang='lat' dir='ltr'>Satum</span> <span class='ocrx_word' id='word_1_146' title='bbox 552 2498 609 2560; x_wconf 75' lang='lat'><strong>313</strong></span> <span class='ocrx_word' id='word_1_147' title='bbox 634 2481 753 2543; x_wconf 86' lang='lat' dir='ltr'><strong>Toxar.</strong></span> <span class='ocrx_word' id='word_1_148' title='bbox 778 2496 817 2561; x_wconf 87' lang='lat'><strong>37</strong></span> <span class='ocrx_word' id='word_1_149' title='bbox 841 2479 1038 2563; x_wconf 83' lang='grc' dir='ltr'><em>ἑνσταλάζειν</em></span> <span class='ocrx_word' id='word_1_150' title='bbox 1058 2483 1184 2564; x_wconf 78' lang='lat' dir='ltr'><strong>legitur,</strong></span> <span class='ocrx_word' id='word_1_151' title='bbox 1197 2484 1305 2544; x_wconf 87' lang='lat' dir='ltr'><strong>Amor</strong></span> 
     </span>
     <span class='ocr_line' id='line_1_19' title="bbox 242 2591 546 2674; baseline 0 -18"><span class='ocrx_word' id='word_1_152' title='bbox 242 2609 282 2674; x_wconf 83' lang='grc'><strong>45</strong></span> <span class='ocrx_word' id='word_1_153' title='bbox 308 2591 546 2674; x_wconf 81' lang='grc' dir='ltr'><em>άτοσταλάζειν.</em></span> 
     </span>
    </p>

    <p class='ocr_par' dir='ltr' id='par_1_3' title="bbox 288 2711 450 2771">
     <span class='ocr_line' id='line_1_20' title="bbox 288 2711 450 2771; baseline -0.012 0"><span class='ocrx_word' id='word_1_154' title='bbox 288 2711 450 2771; x_wconf 76' lang='lat' dir='ltr'><strong>Arrorms.</strong></span> 
     </span>
    </p>

    <p class='ocr_par' dir='ltr' id='par_1_4' title="bbox 244 2825 1317 3365">
     <span class='ocr_line' id='line_1_21' title="bbox 288 2825 1315 2907; baseline 0.002 -20"><span class='ocrx_word' id='word_1_155' title='bbox 288 2828 322 2892; x_wconf 89' lang='lat' dir='ltr'><strong>C.</strong></span> <span class='ocrx_word' id='word_1_156' title='bbox 350 2841 377 2906; x_wconf 83' lang='grc'><strong>5.</strong></span> <span class='ocrx_word' id='word_1_157' title='bbox 403 2827 523 2896; x_wconf 75' lang='grc' dir='ltr'><em>σαιδιὸις</em></span> <span class='ocrx_word' id='word_1_158' title='bbox 546 2825 568 2888; x_wconf 81' lang='grc' dir='ltr'><em>ὦ</em></span> <span class='ocrx_word' id='word_1_159' title='bbox 592 2827 768 2906; x_wconf 79' lang='grc' dir='ltr'><em>Θεόμνῆστε</em></span> <span class='ocrx_word' id='word_1_160' title='bbox 791 2830 845 2888; x_wconf 79' lang='grc' dir='ltr'><strong>καῖ</strong></span> <span class='ocrx_word' id='word_1_161' title='bbox 863 2830 999 2904; x_wconf 75' lang='grc' dir='ltr'><em>γέλωτος</em></span> <span class='ocrx_word' id='word_1_162' title='bbox 1016 2830 1077 2907; x_wconf 84' lang='grc' dir='ltr'><strong>ῆγῆ</strong></span> <span class='ocrx_word' id='word_1_163' title='bbox 1097 2830 1151 2905; x_wconf 86' lang='grc' dir='ltr'><strong>τῆν</strong></span> <span class='ocrx_word' id='word_1_164' title='bbox 1163 2829 1315 2906; x_wconf 82' lang='grc' dir='ltr'><em>διῆγῆσιι·;</em></span> 
     </span>
     <span class='ocr_line' id='line_1_22' title="bbox 244 2942 1315 3024; baseline -0.003 -18"><span class='ocrx_word' id='word_1_165' title='bbox 244 2944 431 3008; x_wconf 87' lang='lat' dir='ltr'>Concedunt</span> <span class='ocrx_word' id='word_1_166' title='bbox 456 2962 567 3003; x_wconf 88' lang='lat' dir='ltr'><strong>omnes</strong></span> <span class='ocrx_word' id='word_1_167' title='bbox 591 2942 725 3019; x_wconf 80' lang='grc' dir='ltr'><em>διῆγῆσιν</em></span> <span class='ocrx_word' id='word_1_168' title='bbox 747 2962 817 3003; x_wconf 90' lang='lat' dir='ltr'><strong>esse</strong></span> <span class='ocrx_word' id='word_1_169' title='bbox 836 2954 1032 3024; x_wconf 81' lang='lat' dir='ltr'><strong>corruptum.</strong></span> <span class='ocrx_word' id='word_1_170' title='bbox 1053 2943 1131 3006; x_wconf 90' lang='lat' dir='ltr'><strong>Cob.</strong></span> <span class='ocrx_word' id='word_1_171' title='bbox 1154 2942 1236 3005; x_wconf 89' lang='lat' dir='ltr'><strong>V.L</strong></span> <span class='ocrx_word' id='word_1_172' title='bbox 1260 2963 1315 3023; x_wconf 86' lang='lat' dir='ltr'><strong>pg.</strong></span> 
     </span>
     <span class='ocr_line' id='line_1_23' title="bbox 245 3056 1317 3137; baseline -0.003 -17"><span class='ocrx_word' id='word_1_173' title='bbox 245 3072 307 3137; x_wconf 85' lang='lat'><strong>257</strong></span> <span class='ocrx_word' id='word_1_174' title='bbox 339 3056 507 3134; x_wconf 83' lang='grc' dir='ltr'><em>διάγνωσιν,</em></span> <span class='ocrx_word' id='word_1_175' title='bbox 539 3057 622 3118; x_wconf 87' lang='lat' dir='ltr'><strong>idem</strong></span> <span class='ocrx_word' id='word_1_176' title='bbox 655 3057 860 3119; x_wconf 84' lang='lat' dir='ltr'><strong>commendat</strong></span> <span class='ocrx_word' id='word_1_177' title='bbox 894 3056 1116 3134; x_wconf 81' lang='lat' dir='ltr'><strong>Schwartzius,</strong></span> <span class='ocrx_word' id='word_1_178' title='bbox 1151 3056 1317 3118; x_wconf 86' lang='lat' dir='ltr'><strong>Bekkerus</strong></span> 
     </span>
     <span class='ocr_line' id='line_1_24' title="bbox 244 3169 1317 3252; baseline -0.002 -19"><span class='ocrx_word' id='word_1_179' title='bbox 244 3169 376 3252; x_wconf 84' lang='grc' dir='ltr'><em>ζῆτῆσιν.</em></span> <span class='ocrx_word' id='word_1_180' title='bbox 399 3169 478 3232; x_wconf 89' lang='lat' dir='ltr'>Mihi</span> <span class='ocrx_word' id='word_1_181' title='bbox 501 3190 573 3232; x_wconf 91' lang='lat' dir='ltr'><strong>cum</strong></span> <span class='ocrx_word' id='word_1_182' title='bbox 593 3171 858 3252; x_wconf 82' lang='lat' dir='ltr'><strong>praecedentibus</strong></span> <span class='ocrx_word' id='word_1_183' title='bbox 870 3173 974 3233; x_wconf 88' lang='lat' dir='ltr'><strong>verbis</strong></span> <span class='ocrx_word' id='word_1_184' title='bbox 987 3174 1128 3234; x_wconf 85' lang='lat' dir='ltr'>maxime</span> <span class='ocrx_word' id='word_1_185' title='bbox 1140 3190 1317 3252; x_wconf 85' lang='lat' dir='ltr'>congruere</span> 
     </span>
     <span class='ocr_line' id='line_1_25' title="bbox 244 3282 577 3365; baseline -0.012 -16"><span class='ocrx_word' id='word_1_186' title='bbox 244 3287 369 3349; x_wconf 88' lang='lat' dir='ltr'><strong>videtur</strong></span> <span class='ocrx_word' id='word_1_187' title='bbox 392 3282 577 3365; x_wconf 70' lang='grc' dir='ltr'><em>διαύῆφισιν.</em></span> 
     </span>
    </p>

    <p class='ocr_par' dir='ltr' id='par_1_5' title="bbox 289 3395 1317 3486">
     <span class='ocr_line' id='line_1_26' title="bbox 289 3395 1317 3486; baseline -0.004 -22"><span class='ocrx_word' id='word_1_188' title='bbox 289 3401 324 3469; x_wconf 89' lang='lat' dir='ltr'><strong>C.</strong></span> <span class='ocrx_word' id='word_1_189' title='bbox 360 3418 398 3479; x_wconf 87' lang='lat'><strong>14</strong></span> <span class='ocrx_word' id='word_1_190' title='bbox 439 3404 454 3463; x_wconf 82' lang='grc' dir='ltr'><em>ὁ</em></span> <span class='ocrx_word' id='word_1_191' title='bbox 485 3395 638 3486; x_wconf 82' lang='grc' dir='ltr'><em>Χαρικλῆς</em></span> <span class='ocrx_word' id='word_1_192' title='bbox 663 3401 716 3462; x_wconf 62' lang='lat' dir='ltr'><strong>tiro*</strong></span> <span class='ocrx_word' id='word_1_193' title='bbox 740 3398 792 3462; x_wconf 70' lang='grc' dir='ltr'><strong>τοῦ</strong></span> <span class='ocrx_word' id='word_1_194' title='bbox 816 3402 933 3486; x_wconf 73' lang='grc' dir='ltr'><em>σφόδρα</em></span> <span class='ocrx_word' id='word_1_195' title='bbox 960 3396 1108 3481; x_wconf 74' lang='grc' dir='ltr'><em>θάμβους</em></span> <span class='ocrx_word' id='word_1_196' title='bbox 1131 3399 1234 3477; x_wconf 74' lang='grc' dir='ltr'><em>ὀλίγον</em></span> <span class='ocrx_word' id='word_1_197' title='bbox 1257 3399 1317 3460; x_wconf 79' lang='grc' dir='ltr'><em>δεῖν</em></span> 
     </span>
    </p>
   </div>
   <div class='ocr_carea' id='block_1_3' title="bbox 246 3511 1316 3599">
    <p class='ocr_par' dir='ltr' id='par_1_6' title="bbox 246 3511 1316 3599">
     <span class='ocr_line' id='line_1_27' title="bbox 246 3511 1316 3599; baseline -0.002 -21"><span class='ocrx_word' id='word_1_198' title='bbox 246 3514 389 3594; x_wconf 82' lang='grc' dir='ltr'><em>ἑσετῆγει</em></span> <span class='ocrx_word' id='word_1_199' title='bbox 412 3519 537 3599; x_wconf 76' lang='grc' dir='ltr'><em>τακερόν</em></span> <span class='ocrx_word' id='word_1_200' title='bbox 560 3537 589 3576; x_wconf 93' lang='grc' dir='ltr'><strong>τι</strong></span> <span class='ocrx_word' id='word_1_201' title='bbox 608 3517 660 3576; x_wconf 77' lang='grc' dir='ltr'><strong>καὶ</strong></span> <span class='ocrx_word' id='word_1_202' title='bbox 678 3516 741 3599; x_wconf 74' lang='grc' dir='ltr'><em>ρέον</em></span> <span class='ocrx_word' id='word_1_203' title='bbox 759 3515 788 3577; x_wconf 82' lang='grc' dir='ltr'><strong>ἐν</strong></span> <span class='ocrx_word' id='word_1_204' title='bbox 801 3522 860 3586; x_wconf 72' lang='grc' dir='ltr'><em>τοῖς</em></span> <span class='ocrx_word' id='word_1_205' title='bbox 873 3520 993 3595; x_wconf 74' lang='grc' dir='ltr'><em>ὄμμασι</em></span> <span class='ocrx_word' id='word_1_206' title='bbox 1005 3511 1106 3585; x_wconf 87' lang='grc' dir='ltr'><em>σάθος</em></span> <span class='ocrx_word' id='word_1_207' title='bbox 1119 3513 1316 3599; x_wconf 78' lang='grc' dir='ltr'><em>ἀνυγραίνων.</em></span> 
     </span>
    </p>
   </div>
   <div class='ocr_carea' id='block_1_4' title="bbox 246 3621 1316 3719">
    <p class='ocr_par' dir='ltr' id='par_1_7' title="bbox 246 3621 1316 3719">
     <span class='ocr_line' id='line_1_28' title="bbox 246 3621 1316 3719; baseline -0.005 -22"><span class='ocrx_word' id='word_1_208' title='bbox 246 3634 292 3698; x_wconf 83' lang='lat' dir='ltr'><strong>Cf.</strong></span> <span class='ocrx_word' id='word_1_209' title='bbox 317 3656 344 3698; x_wconf 86' lang='lat' dir='ltr'><strong>c.</strong></span> <span class='ocrx_word' id='word_1_210' title='bbox 370 3652 387 3714; x_wconf 84' lang='lat'>3</span> <span class='ocrx_word' id='word_1_211' title='bbox 413 3621 517 3719; x_wconf 71' lang='grc' dir='ltr'><em>ἱλαραὶ</em></span> <span class='ocrx_word' id='word_1_212' title='bbox 538 3633 596 3712; x_wconf 85' lang='grc' dir='ltr'><strong>μὲν</strong></span> <span class='ocrx_word' id='word_1_213' title='bbox 618 3639 677 3695; x_wconf 79' lang='grc' dir='ltr'><strong>τῶν</strong></span> <span class='ocrx_word' id='word_1_214' title='bbox 695 3632 848 3712; x_wconf 73' lang='grc' dir='ltr'><em>ὁραμάτων</em></span> <span class='ocrx_word' id='word_1_215' title='bbox 868 3637 902 3694; x_wconf 83' lang='grc' dir='ltr'><strong>αἱ</strong></span> <span class='ocrx_word' id='word_1_216' title='bbox 920 3632 1015 3714; x_wconf 76' lang='grc' dir='ltr'><em>βολαί</em></span> <span class='ocrx_word' id='word_1_217' title='bbox 1024 3639 1156 3718; x_wconf 79' lang='grc' dir='ltr'><em>τακερῶς</em></span> <span class='ocrx_word' id='word_1_218' title='bbox 1170 3629 1316 3716; x_wconf 79' lang='grc' dir='ltr'><em>άννγραί-</em></span> 
     </span>
    </p>
   </div>
   <div class='ocr_carea' id='block_1_5' title="bbox 245 3747 1319 4287">
    <p class='ocr_par' dir='ltr' id='par_1_8' title="bbox 245 3747 1319 4287">
     <span class='ocr_line' id='line_1_29' title="bbox 246 3747 1317 3829; baseline -0.002 -19"><span class='ocrx_word' id='word_1_219' title='bbox 246 3772 337 3811; x_wconf 88' lang='grc' dir='ltr'><em>νοντο.</em></span> <span class='ocrx_word' id='word_1_220' title='bbox 362 3747 583 3829; x_wconf 85' lang='lat' dir='ltr'><strong>Schwidopius</strong></span> <span class='ocrx_word' id='word_1_221' title='bbox 606 3749 636 3809; x_wconf 88' lang='lat' dir='ltr'><strong>in</strong></span> <span class='ocrx_word' id='word_1_222' title='bbox 657 3749 828 3829; x_wconf 85' lang='lat' dir='ltr'><strong>specimine</strong></span> <span class='ocrx_word' id='word_1_223' title='bbox 847 3748 947 3811; x_wconf 84' lang='lat' dir='ltr'><strong>altero</strong></span> <span class='ocrx_word' id='word_1_224' title='bbox 967 3749 1092 3811; x_wconf 86' lang='lat' dir='ltr'><strong>observ.</strong></span> <span class='ocrx_word' id='word_1_225' title='bbox 1113 3747 1190 3808; x_wconf 89' lang='lat' dir='ltr'><strong>Luc.</strong></span> <span class='ocrx_word' id='word_1_226' title='bbox 1205 3767 1258 3828; x_wconf 83' lang='lat' dir='ltr'><strong>pg.</strong></span> <span class='ocrx_word' id='word_1_227' title='bbox 1273 3765 1317 3824; x_wconf 86' lang='lat'><strong>44</strong></span> 
     </span>
     <span class='ocr_line' id='line_1_30' title="bbox 246 3861 1317 3942; baseline -0.004 -18"><span class='ocrx_word' id='word_1_228' title='bbox 246 3883 357 3924; x_wconf 88' lang='lat' dir='ltr'><strong>omnes</strong></span> <span class='ocrx_word' id='word_1_229' title='bbox 383 3863 471 3924; x_wconf 88' lang='lat' dir='ltr'><strong>locos</strong></span> <span class='ocrx_word' id='word_1_230' title='bbox 493 3861 629 3942; x_wconf 81' lang='lat' dir='ltr'><strong>collegit,</strong></span> <span class='ocrx_word' id='word_1_231' title='bbox 653 3862 708 3942; x_wconf 89' lang='lat' dir='ltr'><strong>qui</strong></span> <span class='ocrx_word' id='word_1_232' title='bbox 731 3872 841 3924; x_wconf 84' lang='lat' dir='ltr'><strong>nostro</strong></span> <span class='ocrx_word' id='word_1_233' title='bbox 865 3863 981 3923; x_wconf 85' lang='lat' dir='ltr'><strong>similes</strong></span> <span class='ocrx_word' id='word_1_234' title='bbox 1005 3871 1079 3923; x_wconf 87' lang='lat' dir='ltr'><strong>sunt</strong></span> <span class='ocrx_word' id='word_1_235' title='bbox 1102 3870 1158 3923; x_wconf 90' lang='lat' dir='ltr'><strong>aut</strong></span> <span class='ocrx_word' id='word_1_236' title='bbox 1181 3881 1254 3922; x_wconf 86' lang='lat' dir='ltr'><strong>cum</strong></span> <span class='ocrx_word' id='word_1_237' title='bbox 1278 3880 1317 3921; x_wconf 86' lang='lat' dir='ltr'><strong>eo</strong></span> 
     </span>
     <span class='ocr_line' id='line_1_31' title="bbox 245 3975 1317 4059; baseline -0.004 -19"><span class='ocrx_word' id='word_1_238' title='bbox 245 3978 423 4059; x_wconf 84' lang='lat' dir='ltr'><strong>comparari</strong></span> <span class='ocrx_word' id='word_1_239' title='bbox 450 3986 595 4058; x_wconf 86' lang='lat' dir='ltr'><strong>possunt,</strong></span> <span class='ocrx_word' id='word_1_240' title='bbox 621 3977 676 4038; x_wconf 89' lang='lat' dir='ltr'><strong>sed</strong></span> <span class='ocrx_word' id='word_1_241' title='bbox 701 3977 785 4038; x_wconf 88' lang='lat' dir='ltr'><strong>nulla</strong></span> <span class='ocrx_word' id='word_1_242' title='bbox 808 3978 865 4040; x_wconf 87' lang='lat' dir='ltr'><strong>lux</strong></span> <span class='ocrx_word' id='word_1_243' title='bbox 889 3978 965 4040; x_wconf 91' lang='lat' dir='ltr'><strong>mihi</strong></span> <span class='ocrx_word' id='word_1_244' title='bbox 988 3977 1113 4054; x_wconf 85' lang='lat' dir='ltr'><strong>affulsit,</strong></span> <span class='ocrx_word' id='word_1_245' title='bbox 1137 3998 1201 4058; x_wconf 91' lang='lat' dir='ltr'><strong>qua</strong></span> <span class='ocrx_word' id='word_1_246' title='bbox 1225 3975 1317 4037; x_wconf 86' lang='lat' dir='ltr'><strong>intel·</strong></span> 
     </span>
     <span class='ocr_line' id='line_1_32' title="bbox 246 4086 1319 4175; baseline 0 -23"><span class='ocrx_word' id='word_1_247' title='bbox 246 4091 386 4172; x_wconf 84' lang='lat' dir='ltr'><strong>ligerem,</strong></span> <span class='ocrx_word' id='word_1_248' title='bbox 417 4091 493 4171; x_wconf 89' lang='lat' dir='ltr'><strong>quid</strong></span> <span class='ocrx_word' id='word_1_249' title='bbox 525 4091 565 4153; x_wconf 84' lang='lat' dir='ltr'><strong>sit</strong></span> <span class='ocrx_word' id='word_1_250' title='bbox 590 4091 653 4175; x_wconf 78' lang='grc' dir='ltr'><em>ρέον</em></span> <span class='ocrx_word' id='word_1_251' title='bbox 676 4087 778 4162; x_wconf 83' lang='grc' dir='ltr'><em>σάθος</em></span> <span class='ocrx_word' id='word_1_252' title='bbox 802 4092 863 4174; x_wconf 87' lang='lat' dir='ltr'><strong>(alii</strong></span> <span class='ocrx_word' id='word_1_253' title='bbox 886 4093 978 4154; x_wconf 89' lang='lat' dir='ltr'><strong>codd.</strong></span> <span class='ocrx_word' id='word_1_254' title='bbox 1003 4087 1135 4174; x_wconf 84' lang='grc' dir='ltr'><em>σε’νθος).</em></span> <span class='ocrx_word' id='word_1_255' title='bbox 1160 4090 1193 4154; x_wconf 91' lang='lat' dir='ltr'><strong>Si</strong></span> <span class='ocrx_word' id='word_1_256' title='bbox 1217 4086 1319 4160; x_wconf 78' lang='grc' dir='ltr'><em>πάθος</em></span> 
     </span>
     <span class='ocr_line' id='line_1_33' title="bbox 246 4203 1318 4287; baseline -0.004 -18"><span class='ocrx_word' id='word_1_257' title='bbox 246 4203 373 4269; x_wconf 81' lang='lat' dir='ltr'><strong>abesset</strong></span> <span class='ocrx_word' id='word_1_258' title='bbox 393 4204 439 4287; x_wconf 84' lang='lat' dir='ltr'><strong>(et</strong></span> <span class='ocrx_word' id='word_1_259' title='bbox 459 4205 585 4284; x_wconf 90' lang='lat' dir='ltr'><strong>saepius</strong></span> <span class='ocrx_word' id='word_1_260' title='bbox 609 4204 670 4266; x_wconf 93' lang='lat' dir='ltr'><strong>hoc</strong></span> <span class='ocrx_word' id='word_1_261' title='bbox 692 4205 885 4268; x_wconf 84' lang='lat' dir='ltr'><strong>vocabulum</strong></span> <span class='ocrx_word' id='word_1_262' title='bbox 911 4207 993 4267; x_wconf 84' lang='lat' dir='ltr'><strong>male</strong></span> <span class='ocrx_word' id='word_1_263' title='bbox 1016 4207 1046 4266; x_wconf 90' lang='lat' dir='ltr'><strong>in</strong></span> <span class='ocrx_word' id='word_1_264' title='bbox 1071 4215 1198 4268; x_wconf 86' lang='lat' dir='ltr'><strong>textum</strong></span> <span class='ocrx_word' id='word_1_265' title='bbox 1222 4205 1318 4287; x_wconf 89' lang='lat' dir='ltr'><strong>irrep·</strong></span> 
     </span>
    </p>
   </div>
   <div class='ocr_carea' id='block_1_6' title="bbox 0 0 1572 5160">
    <p class='ocr_par' dir='ltr' id='par_1_9' title="bbox 0 0 1572 5160">
     <span class='ocr_line' id='line_1_34' title="bbox 0 0 1572 5160; baseline 0 0"><span class='ocrx_word' id='word_1_266' title='bbox 0 0 1572 5160; x_wconf 95' lang='lat' dir='ltr'><strong> </strong></span> 
     </span>
    </p>
   </div>
  </div>
 </body>
</html>
