3456 5332
848 521 885 586 I7

376 696 410 760 C.
436 712 486 775 23.
512 699 680 764 πεπωκότος
700 697 753 757 ποῦ
773 694 932 779 ἐλλεβόρου
956 694 1062 756 malim
1085 716 1142 776 pro
1163 693 1397 779 τὸνὲλλέβομον;

330 812 489 890 genitivus
519 811 627 872 statim
658 809 833 891 praeeedit·
853 808 898 872 Cf.
923 807 1115 870 Fritzschius
1138 809 1179 870 ad
1202 809 1255 870 Bis
1278 809 1397 870 Aecus.

293 968 294 972 ,
333 936 348 1001 5
386 924 463 984 ἔπιεν
493 919 546 984 ποῦ
568 927 701 984 κωνείουτ
726 922 891 1001 „Cobetus
915 923 955 984 V.
980 922 1016 982 L.
1042 943 1096 1003 pg.
1125 921 1183 984 162
1220 920 1254 983 πὸ
1274 923 1398 983 κώνειον.

331 1037 449 1099 Atticis
481 1038 625 1099 usitatior
654 1057 731 1098 sane
754 1036 961 1111 accusativus,
988 1045 1132 1098 attamen
1155 1035 1224 1096 libri
1248 1036 1344 1097 etiam
1367 1035 1398 1095 in

329 1152 437 1232 Fugit.
473 1169 506 1212 11
543 1152 695 1229 πιομένους
725 1154 778 1213 τοῦ
800 1148 947 1213 κωνειόυ”.
971 1149 1017 1213 Cl.
1043 1151 1139 1213 etiam
1163 1151 1238 1212 Ver.
1263 1150 1337 1211 Hist
1370 1150 1399 1210 ΙΙ

331 1278 360 1343 7,
391 1264 507 1326 Abdic.
534 1281 583 1343 32,
609 1264 649 1346 Q.
675 1264 758 1327 Hist.
783 1264 912 1328 Conscr.
939 1276 991 1343 25,
1016 1263 1134 1327 Saturn
1174 1278 1221 1343 17,
1246 1281 1296 1340 22,
1324 1281 1373 1344 32.

373 1378 547 1441 Prscnnou
569 1393 646 1440 siun
668 1379 959 1441 aniviscunnus

372 1491 407 1556 C.
433 1509 462 1555 2.
484 1490 537 1564 την
560 1497 709 1570 γλῶπποιν
729 1491 824 1570 οιύπην
843 1495 888 1554 ἔπι
909 1492 983 1554 πολεῖ
1003 1489 1397 1578 ποόνεμονοῖποπεπμησθιο.

329 1606 495 1684 „Praesero
520 1603 753 1686 ἐκπεσμησθιο”.
778 1607 990 1671 Schwartzius
1021 1608 1125 1670 Invito
1138 1609 1165 1669 ei
1178 1608 1293 1670 tradita
1305 1608 1397 1670 lectio

329 1723 386 1785 erit
410 1723 574 1800 servanda,
599 1743 674 1785 nam
697 1724 793 1785 etiam
817 1723 937 1786 Toxar.
964 1741 997 1785 11
1020 1723 1172 1804 legimus:
1186 1721 1394 1800 οὐπηνδεὲιοὶι

328 1839 422 1920 ὥσπερ
458 1837 552 1916 ὑμεῖς,
583 1836 669 1898 οὶλλοῖ
700 1838 754 1913 πην
782 1843 933 1914 γλῶπποιν
956 1833 1177 1916 ἀποτμηθῆναι
1201 1848 1233 1899 et
1256 1858 1283 1901 c.
1310 1851 1347 1917 35
1371 1838 1401 1899 εἰ

329 1944 541 2028 ἀποτμηθείης
565 1951 619 2026 την
642 1956 800 2027 γλῶπτοιν.

371 2061 397 2125 C
436 2078 483 2123 12.
509 2063 576 2124 εἷπον
601 2064 693 2148 ἑώρων
716 2067 841 2142 γύναιόν
864 2088 893 2126 πι
918 2065 976 2145 οὐχ
1000 2065 1140 2127 οῖπλοῖκόν
1162 2076 1230 2128 κπλ.

328 2175 521 2237 Fritzschius
554 2196 613 2257 pro
647 2176 714 2238 ου’δέ
745 2213 788 2224 -
820 2176 894 2257 ου’ῖέ,
926 2180 993 2239 ου’τε
1026 2216 1065 2224 -
1096 2180 1164 2240 οὔτε
1198 2178 1396 2260 emendavit3

328 2288 441 2350 deinde
464 2310 537 2350 eum
561 2290 759 2354 offenderunt
782 2292 880 2353 verba
904 2295 957 2353 κοιῖ
978 2289 1020 2354 ποῖ
1043 2295 1171 2377 βημοιποι
1191 2291 1293 2354 ποέντοι
1315 2292 1397 2353 ἑποιι-

327 2402 403 2485 μικοέ,
428 2424 486 2484 pro
509 2404 626 2484 quibus
649 2406 701 2465 κοιῖ
724 2409 921 2490 ἑνπμίμμοιποι
946 2405 1049 2468 ποένποι
1069 2404 1111 2466 ποῖ
1133 2405 1268 2490 ἑποιιμκοὶ
1281 2405 1398 2467 audac·

328 2526 376 2578 ter
399 2518 429 2577 in
454 2527 582 2579 textum
605 2519 723 2600 recepit
747 2539 844 2596 „nam
869 2518 910 2581 ποῖ
933 2521 1061 2605 μημοισοι
1084 2541 1210 2582 servare
1231 2520 1396 2599 nonlicet,

328 2632 385 2692 nisi
427 2633 534 2709 verb0,
575 2633 662 2713 quod
698 2643 766 2694 tum
801 2633 884 2695 male
918 2635 1017 2710 deest,
1054 2635 1204 2697 audacter
1237 2634 1395 2716 supplem,

328 2745 442 2807 veluti:
466 2749 518 2807 κοιῖ
540 2744 643 2825 Φῦκος·
668 2742 714 2826 (ἦν
741 2745 785 2831 δὲ)
811 2751 863 2809 κοιῖ
886 2746 927 2809 ποῖ
950 2750 1078 2832 ρημοιποι
1101 2750 1204 2810 ποὲνποι
1228 2746 1396 2833 ἑτοιιμκοέ.”

327 2861 515 2923 Prudentius
550 2860 659 2924 Sbtius
690 2863 804 2924 edidit:
836 2865 889 2924 κοιῖ
917 2861 959 2924 ποῖ
989 2865 1118 2948 ρημοιποι
1142 2863 1220 2925 ποὶνυ
1242 2862 1274 2950 (e
1297 2864 1395 2926 Mare.

327 2992 393 3052 434
423 2985 455 3036 et
480 2976 553 3038 Vat.
579 2972 635 3059 90)
659 2975 805 3060 ἐποιιμκοέ,
831 2997 914 3057 quae
936 2976 1029 3040 lectio
1054 2977 1146 3039 valde
1170 2977 1245 3039 mihi
1269 2977 1394 3048 arridet,

328 3089 424 3150 modo
448 3085 481 3165 ’ἷην
505 3091 699 3172 suppleatur.

372 3204 538 3265 Praeterea
568 3205 687 3267 contuli
717 3226 799 3286 quae
823 3205 901 3268 Cob.
927 3206 968 3267 V.
993 3206 1030 3266 L.
1055 3226 1108 3286 pg.
1138 3222 1198 3285 139
1221 3206 1396 3287 disputavit

327 3319 367 3380 de
387 3318 486 3380 verbo
505 3315 713 3398 κομμοῦσθοιι,
736 3339 965 3400 nonnunquam
985 3319 1116 3381 confuso
1129 3340 1201 3380 cum
1214 3314 1397 3398 κοσμεῖσθαι
1437 3305 1438 3308 ¹

328 3443 363 3494 ut
391 3432 445 3494 Bis
468 3433 548 3496 Ace.
576 3451 612 3512 31
640 3431 708 3517 (qui
731 3433 819 3495 locus
842 3454 914 3494 cum
940 3445 1048 3495 nostro
1072 3434 1247 3495 admodum
1271 3433 1395 3513 conspi-

328 3542 401 3629 rat),
436 3547 476 3607 de
510 3547 609 3607 Mero.
640 3546 742 3610 Cond.
777 3547 818 3625 36
848 3556 894 3608 et·
912 3547 1048 3627 suspicio
1080 3545 1156 3607 mihi
1187 3546 1325 3607 subnata
1347 3555 1396 3607 est

327 3658 378 3720 hic
411 3680 542 3740 quoque
576 3681 634 3741 pro
668 3661 856 3739 κοσμουμένη
890 3696 929 3705 -
961 3661 1156 3739 κομμουμένη
1189 3680 1258 3721 esse
1280 3659 1396 3722 substi-

326 3774 493 3853 tuendum,
528 3795 602 3836 nam
638 3776 654 3851 η
685 3774 861 3853 κομμωτικη
890 3769 1056 3858 κοικοῦμγός
1087 3775 1123 3836 σε’
1154 3773 1215 3836 ε’σπι
1239 3778 1293 3835 κοιῖ
1313 3772 1395 3835 οῖποι-

327 3888 404 3963 πηλη
429 3890 481 3948 κοιῖ
504 3885 633 3966 οῖγεννης
657 3891 708 3949 κοιῖ
730 3883 937 3972 ἀνελεύθερος,
957 3891 1099 3968 σχημοισι
1118 3891 1170 3950 κοιῖ
1189 3889 1396 3972 χρώμασικοιῖ

326 4004 457 4076 λειότητι
480 4006 531 4062 κοιῖ
556 3999 677 4080 ἑσθησει
700 3999 863 4081 οὶπκπῶσοι,
887 4005 964 4062 ὥσπε
988 4009 1085 4073 ποιεῖν,
1108 3999 1265 4087 νἰλλότμιον
1284 4001 1396 4070 κοέλλος

327 4112 556 4194 ἐφελκομένους,
591 4120 645 4179 τοῦ
676 4117 776 4178 οἰκείου
807 4112 944 4192 ἀμελεῖν,
975 4137 1058 4197 quae
1081 4116 1221 4179 Platonis
1244 4116 1342 4187 verba
1365 4115 1395 4175 in
1484 4174 1487 4180 .

326 4227 447 4308 Gorgia
476 4231 538 4308 465
574 4232 600 4292 B
628 4231 750 4311 optime
774 4233 918 4291 nostrum
943 4229 1048 4291 locum
1073 4229 1227 4292 illustrare
1250 4238 1395 4310 possunt.

1278 4355 1293 4389 2
