3456 5332
958 644 998 708 72

445 823 567 903 Imagg.
596 838 644 898 12,
668 821 708 884 de
729 822 834 884 Luctu
862 821 910 901 16,
935 842 993 884 nec
1015 822 1191 904 comparari
1208 830 1344 903 possunt
1356 822 1509 885 Abdicat.

450 953 497 1018 13,
525 953 564 1015 19
586 931 801 1020 παραιτεῖσθαι
823 940 876 1012 τῆς
899 937 999 1007 σι’κίας.
1023 937 1181 998 Attamen
1207 955 1270 997 non
1289 935 1412 1017 dubito,
1434 936 1510 1016 quin

444 1049 550 1126 verba,
582 1049 664 1112 sicut
694 1047 744 1111 hic
774 1049 933 1130 leguntur,
964 1069 983 1110 a
1011 1049 1162 1129 scriptore
1185 1047 1326 1129 profecta
1349 1048 1421 1124 sint,
1445 1048 1511 1110 sive

446 1164 606 1225 Lucianus
629 1161 699 1240 suit,
720 1164 786 1225 sive
806 1163 884 1224 alius
903 1164 982 1244 quis
997 1160 1059 1249 (cf.
1071 1183 1155 1244 quae
1166 1163 1231 1224 dixi
1243 1163 1284 1224 ad
1296 1161 1451 1224 Harmon.
1466 1160 1510 1246 2).

490 1275 525 1339 C.
563 1278 591 1339 8.
626 1279 679 1338 καί
712 1277 772 1355 μὴν
803 1275 988 1362 κυβερνήσας
1024 1275 1081 1354 μὲν
1114 1271 1260 1353 άγαθσύς
1293 1277 1346 1337 καί
1378 1278 1511 1355 ἡνιόχους

445 1394 592 1469 τεχνίτας
614 1388 792 1460 ἐκπεσόντας
816 1395 874 1453 πῶν
896 1386 1006 1474 δίφρων
1028 1389 1092 1452 οἶδα
1117 1387 1178 1466 ἐγὼ
1202 1388 1346 1459 πολλάκις
1368 1391 1421 1451 καί
1443 1389 1510 1459 σούς

444 1504 501 1585 μὲν
522 1504 748 1590 ξννπριβένπας,
773 1504 841 1575 rode
864 1504 894 1566 δὲ
918 1506 971 1566 καί
992 1504 1125 1583 πάμπαν
1144 1499 1389 1589 διαφθαρέντας,
1411 1527 1510 1586 παρα·

443 1622 524 1681 σι’πσν
547 1618 578 1680 δὲ
602 1617 749 1696 νανάγισν
771 1617 862 1688 οὐδεὶς
886 1621 952 1697 ἔχει
976 1614 1105 1680 πσισῦπσν
1129 1617 1227 1679 εἰπεῖν.

487 1732 538 1794 De
574 1731 758 1795 difficultate
787 1730 881 1793 huius
902 1731 962 1793 loci
986 1732 1161 1812 disputavit
1184 1729 1381 1812 Hirschigius
1401 1729 1446 1814 ¹);
1471 1732 1511 1793 de

444 1846 622 1928 corruptela
651 1847 788 1927 cogitat;
812 1846 990 1927 suspicatur
1014 1847 1097 1907 enirn
1121 1846 1256 1925 ἡνιόχους
1279 1866 1348 1907 esse
1371 1846 1510 1927 interpo-

443 1961 554 2038 latum,
588 1959 660 2022 dein
694 1965 753 2022 πῶν
782 1957 892 2045 δίφρων
925 1961 991 2022 sive
1024 1960 1250 2041 interpolatum
1281 1961 1346 2022 sive
1378 1981 1421 2022 ex
1450 1960 1511 2023 alia

444 2095 522 2138 voce
544 2077 588 2138 ita
612 2084 772 2138 mutatum
797 2075 838 2136 ab
860 2075 976 2157 aliqu0,
997 2075 1052 2156 qui
1069 2073 1148 2136 haec
1167 2075 1232 2137 duo
1244 2074 1392 2156 exempla
1404 2073 1510 2160 κυβερ-

443 2193 559 2267 νντικῆς
589 2199 622 2251 et
644 2190 792 2268 ἡνιοχικῆς
815 2189 901 2270 apud
923 2188 1012 2265 Plat.,
1037 2189 1174 2265 Aristot,
1200 2189 1286 2269 apud
1309 2189 1413 2270 ipsum
1438 2209 1510 2251 nos·

443 2315 528 2367 trum
560 2304 631 2368 adv.
664 2304 733 2365 Ind.
763 2320 777 2382 5
803 2313 835 2366 et
858 2302 944 2385 apud
966 2279 1063 2365 alium
1087 2313 1250 2366 auctorem
1275 2304 1401 2384 saepius
1423 2304 1511 2386 iungi

444 2418 597 2480 memoria
619 2426 749 2493 teneret,
773 2417 891 2499 quique
915 2436 978 2478 non
1002 2416 1191 2498 intelligeret
1215 2438 1245 2480 v.
1270 2420 1423 2496 τεχνίτας.
1446 2417 1510 2481 Sed

443 2531 522 2594 haec
556 2531 662 2613 opinio
699 2529 815 2592 nullam
847 2551 922 2611 prae
954 2551 988 2592 se
1019 2530 1077 2592 fert
1103 2531 1169 2592 veri
1191 2531 1340 2611 speciem,
1364 2552 1421 2592 nec
1444 2533 1511 2613 ipse

443 2647 505 2708 iam
538 2644 644 2706 locum
676 2644 886 2725 depravatum
917 2664 986 2705 esse
1017 2644 1121 2720 credo,
1153 2643 1209 2705 sed
1231 2643 1328 2724 ipsius
1351 2645 1510 2725 scriptoris

444 2758 655 2842 negligentiae
683 2767 715 2820 et
738 2758 899 2819 socordiae
922 2758 1154 2839 imputandum,
1178 2760 1233 2841 qui
1256 2759 1335 2821 duas
1357 2759 1510 2839 imagines

444 2873 527 2936 male
548 2872 733 2935 conluderit.

488 2987 522 3051 C.
557 2988 575 3049 8
600 2988 680 3049 ratio
703 2986 815 3048 suadet
838 2995 873 3048 ut
896 2985 1086 3048 rescribatur
1108 2989 1164 3047 πίνι
1186 2986 1220 3062 δή
1244 3008 1316 3049 πσπε
1340 3005 1397 3068 pro
1421 2988 1453 3046 σί
1475 2985 1510 3057 δή

444 3124 515 3164 πσπε
538 3111 570 3164 et
595 3121 621 3163 c.
645 3117 666 3180 9
690 3102 754 3162 ὅσον
777 3105 808 3161 ὲκ
832 3102 938 3161 τούτου
962 3095 1090 3180 εἰκάζειν
1113 3120 1171 3180 pro
1196 3096 1315 3181 εἰκάζω.
1335 3098 1430 3161 Tales
1441 3097 1510 3160 infi-

444 3216 532 3277 nitivi
554 3213 692 3276 absoluti
715 3212 902 3275 creberrime
921 3222 1090 3275 occurrunt
1109 3213 1140 3275 in
1161 3214 1293 3275 Luciani
1305 3213 1469 3295 scriptisv.
1483 3232 1510 3274 c.

444 3327 589 3390 Hermot.
629 3347 640 3390 1
678 3330 743 3390 ὅσον
774 3322 1004 3412 τεκμήρασθαι,
1036 3328 1120 3389 idem
1143 3348 1201 3409 pro
1224 3327 1333 3409 Lapsu
1355 3328 1386 3388 in
1408 3325 1509 3391 Salut.

446 3453 474 3524 5,
499 3441 642 3522 Apolog.
674 3459 710 3520 13
735 3443 772 3511 ὡς
793 3443 867 3517 γοῦν
890 3440 1016 3512 εἰκάσαι,
1038 3442 1109 3503 adv.
1130 3440 1197 3502 Ind.
1223 3443 1329 3520 ι9ὅσα
1341 3463 1380 3518 γε
1393 3440 1509 3512 εἰδέναι,

443 3554 527 3615 idem
558 3554 685 3615 Timon.
720 3565 770 3631 52,
803 3553 904 3614 Musc.
932 3552 1010 3615 Enc.
1039 3569 1050 3613 1
1079 3554 1143 3615 ὅσον
1167 3551 1389 3639 παραβάλλειν,
1414 3552 1510 3614 Lexi-

341 3663 343 3667 ⁴
443 3666 540 3749 phan.
567 3680 605 3746 25
632 3668 669 3737 ὡς
693 3665 918 3751 παραβάλλειν.

489 3780 523 3845 C.
554 3798 602 3843 11.
629 3776 723 3844 ε’σθίει
745 3784 797 3843 καί
818 3784 965 3860 κσιμάπαι
988 3780 1087 3851 ίίππισς
1109 3778 1242 3860 ἀφεικὼς
1265 3781 1333 3852 σούς
1355 3781 1448 3852 πόδας
1459 3781 1510 3843 καί

445 3893 503 3965 σάς
538 3900 645 3980 χεῖρας
677 3897 771 3980 ὥσπερ
803 3892 964 3964 Ὀδυσσεύς
987 3898 1040 3971 τῆς
1064 3892 1200 3980 Σχερίας
1221 3892 1379 3959 άπσπλέων
1400 3895 1509 3958 σίκαδε.

444 4004 641 4069 Scurrz'lz'ter
674 4005 726 4094 (cf.
763 4008 874 4089 Joostii
904 4009 1133 4072 commentatio
1167 4029 1263 4092 supra
1292 4009 1422 4072 laudata
1454 4028 1509 4091 pg.

447 4183 591 4191 ———-

479 4283 496 4343 ¹)
516 4278 547 4330 R.
565 4283 592 4330 B.
614 4281 739 4344 Hirschig.
757 4280 942 4329 Annotationes
960 4280 1083 4344 quaedam
1098 4278 1511 4371 inLuolunlllbflllmqssllml·
1569 4338 1572 4343 ,

445 4363 557 4411 bitur
529 4366 582 4430 π·ρ“ι
600 4365 741 4428 Παρασίτον,
761 4360 901 4409 dissertatio
921 4358 985 4422 1844
1000 4358 1227 4449 Lugduni—Bm]
1246 4372 1317 4436 3⁰..st
1345 4386 1405 4415 .,
1502 4358 1587 4466 ἦ,
1605 4438 1616 4457 ἐ
1645 4404 1650 4411 ,
