3456 5332
835 755 875 820 27

322 929 366 992 ἐπ’
391 931 527 1008 ἀγκῶνός
552 934 641 994 ἐππιν.
666 931 808 995 Cobetus
832 932 869 994 V.
896 932 933 992 L.
958 952 1012 1013 pg.
1038 948 1100 1010 243
1124 929 1292 1013 ἐγήγερται
1312 949 1388 991 con·

320 1045 401 1120 iecit,
437 1045 524 1125 quod
564 1066 627 1107 non
659 1047 770 1126 magis
802 1066 900 1127 quarn
931 1046 1006 1107 illud
1035 1046 1087 1107 h.l.
1113 1043 1263 1124 intelligo,
1288 1044 1389 1105 Recte

321 1159 441 1238 opinor,
467 1160 561 1220 vertit
584 1160 737 1240 interpres
758 1158 958 1221 Reitzianus:
980 1169 1158 1240 „quantum
1180 1166 1288 1218 autem
1309 1157 1388 1219 illius

321 1269 474 1331 muliebre
504 1280 561 1348 est,
592 1273 708 1333 sensim
740 1271 895 1335 attollitur
918 1274 1029 1334 nixum
1053 1268 1200 1347 cubito;’'
1225 1269 1297 1331 hinc
1320 1292 1388 1331 sus·

320 1384 408 1464 picor
431 1382 555 1468 ἐπῆρται
576 1404 646 1446 esse
669 1386 881 1449 scribendum.
907 1384 1040 1467 Saepius
1064 1385 1300 1448 confunduntur
1322 1385 1388 1448 ἐπε-

321 1501 437 1583 γείρειν,
463 1497 594 1584 ἐγείρειν,
620 1499 756 1584 ἐπαίρειν.
779 1500 824 1564 Cf.
850 1500 1040 1563 Paetzoltius
1064 1501 1104 1562 ad
1128 1521 1186 1582 pro
1208 1502 1331 1581 Imagg.
1350 1517 1386 1579 13

321 1620 353 1672 et
387 1610 599 1675 Schwartzius
634 1615 674 1675 ad
710 1614 750 1676 de
785 1615 906 1678 Astrol.
946 1629 973 1694 5.
1006 1613 1141 1699 incysi‘pp
1173 1616 1204 1677 in
1228 1613 1332 1699 ἐπαίρρ
1356 1624 1388 1675 et

320 1729 445 1809 ἤγειραν
468 1727 497 1788 in
522 1733 620 1813 lupar
644 1729 846 1810 corrigentes.

364 1838 601 1904 Hnnuoumus

364 1953 399 2017 C.
429 1971 458 2016 2.
483 1958 582 2016 ν”νπινα
612 1954 679 2017 l'a'iv
702 1959 728 2018 ol
746 1959 926 2041 προῦχοντες
950 1957 1129 2028 ἐπαινέσωσι,
1155 1956 1320 2017 πιστεύουσι
1344 1957 1387 2034 μὴ

320 2069 358 2130 ἐν
392 2067 514 2148 ἀλόγως
549 2068 744 2149 ἐπαινεθῆναι
776 2074 890 2134 rotiana.
924 2071 1011 2135 Ordo
1043 2070 1213 2132 verborum
1238 2069 1387 2130 confusus

319 2183 452 2254 videtur,
474 2195 509 2247 ut
531 2188 636 2246 τοῦτον
658 2196 733 2248 ante
756 2186 921 2247 πιππεύιιιπι
941 2187 982 2247 sit
1006 2184 1288 2266 transponendum.
1312 2183 1388 2245 Post

319 2317 422 2376 pauca
462 2309 548 2360 recte
581 2298 791 2363 Schwartzius
827 2298 974 2362 ἐπαινοῦσι
1008 2319 1158 2380 praesens
1193 2318 1250 2378 pro
1282 2296 1387 2358 futuro

319 2408 453 2490 flagitat,
498 2414 585 2493 quod
619 2414 669 2475 vel
703 2424 835 2496 propter
868 2414 963 2475 futuri
998 2413 1133 2474 formam
1169 2410 1387 2493 reponendum

319 2522 459 2602 videtur;
494 2526 590 2608 paulo
625 2537 700 2589 ante
730 2529 814 2589 enim
842 2528 905 2604 fut.
937 2526 1039 2588 medii
1067 2525 1191 2606 legitur,
1222 2545 1287 2605 quo
1312 2524 1387 2604 quin

319 2637 387 2698 solo
409 2638 570 2700 Lucianus
591 2660 666 2702 usus
686 2641 786 2718 fuerit,
809 2643 864 2703 vix
885 2652 933 2703 est
952 2641 1039 2723 quod
1052 2639 1244 2702 dubitemus
1258 2638 1387 2701 Etenim

319 2749 539 2834 Schwidopius
558 2754 585 2835 ¹)
622 2755 804 2817 observavit
837 2757 975 2818 activam
1011 2754 1104 2815 huius
1134 2752 1222 2814 verbi
1252 2752 1387 2813 formam

318 2866 349 2925 in
383 2864 489 2927 futuro
524 2877 572 2928 ter
607 2878 731 2929 tantum
764 2869 834 2950 legi.
867 2869 995 2931 Praeter
1026 2877 1170 2929 nostrum
1193 2865 1309 2944 locum,
1333 2866 1388 2946 qui

319 2979 430 3040 vitium
454 2981 593 3062 suscepit
617 2982 752 3062 ideoque
776 3003 839 3043 non
863 2982 958 3057 valet,
983 2981 1098 3062 legitur
1120 2980 1245 3044 Charid.
1272 2991 1307 3057 15
1330 2983 1388 3040 πῶν

319 3098 539 3168 ἐπαινεσόνπων,
577 3098 631 3177 qui
664 3097 752 3159 locus
785 3103 819 3158 ut
850 3098 880 3158 in
912 3116 1009 3178 opere
1039 3094 1340 3177 pseudo-Lucianeo
1357 3088 1387 3174 ²)

319 3227 382 3268 non
417 3211 519 3290 magis
553 3212 584 3272 in
620 3232 750 3273 censum
782 3213 885 3289 venit;
918 3221 1017 3273 restat
1039 3211 1135 3292 igitur
1157 3228 1238 3270 unus
1261 3216 1387 3269 tantum

318 3320 422 3382 Paras.
463 3341 473 3384 1
513 3322 683 3387 ἐπαινέσειν.
717 3325 778 3386 Hic
810 3345 885 3386 vero
915 3324 995 3386 liber
1023 3344 1042 3385 a
1075 3321 1221 3384 Bekkero
1245 3320 1387 3382 Luciano

318 3436 519 3499 abiudicatus
542 3441 638 3500 etiam
662 3439 837 3500 admodum
858 3449 1025 3521 suspectus
1045 3446 1093 3498 est
1105 3457 1134 3497 v.
1148 3436 1179 3497 d.
1193 3437 1233 3497 A.
1248 3430 1385 3517 Joost³)‚

318 3551 406 3612 cuius
437 3553 622 3633 suspicionis
653 3563 843 3633 argumenta
874 3551 1016 3633 collegit3
1050 3571 1107 3612 nec
1137 3550 1227 3611 nimis
1257 3548 1388 3609 Parasiti

319 3665 449 3727 facetiae
477 3666 603 3747 placent
625 3667 828 3730 Rothsteinio
852 3687 905 3748 pg.
933 3679 983 3746 35,
1010 3686 1114 3746 neque
1137 3675 1244 3726 tamen
1267 3664 1311 3724 ita
1334 3683 1388 3724 eas

318 3792 520 3863 comparatas
552 3802 621 3843 esse
652 3793 769 3859 censet,
802 3792 837 3843 ut
868 3782 1011 3843 Luciano
1041 3780 1136 3843 tribui
1166 3799 1229 3841 non
1253 3779 1386 3860 possint.

355 4099 371 4159 ¹)
399 4100 609 4148 Observationum
637 4099 820 4147 Lucianearum
843 4096 969 4161 specimen
997 4099 1008 4143 l
1036 4113 1076 4160 pg.
1105 4109 1141 4158 13,
1159 4095 1184 4142 in
1202 4100 1387 4158 programmate

317 4180 442 4242 gymnasii
460 4179 588 4242 Kniplrov.
607 4179 753 4240 Regi‘monti
774 4176 845 4238 1848.

353 4257 371 4319 ²)
396 4259 479 4307 Ueber
502 4258 610 4306 Lueians
629 4257 793 4306 Charidemus
811 4272 860 4304 von
881 4259 920 4303 llr.
938 4257 1013 4304 Ernst
1031 4256 1150 4318 Ziegeler,
1170 4255 1196 4301 in
1213 4259 1386 4317 progammate

317 4337 443 4400 gymnasii
460 4337 548 4401 oppidi
568 4337 689 4387 Hameln.

353 4416 371 4477 ³)
390 4418 429 4465 De
446 4417 559 4464 Luciano
575 4420 695 4483 Φιλιρήρῳ
712 4416 808 4480 scripsit
827 4416 849 4462 A
873 4416 951 4478 Joost,
970 4415 994 4462 iu
1014 4421 1197 4479 programmate
1216 4411 1386 4478 progymnasii

317 4496 404 4562 oppidi
421 4496 523 4544 thzen.
