3120 5160
762 666 798 709 12

243 858 349 900 escere
382 840 413 899 in
444 838 558 899 tradita
589 836 734 908 lectione,
766 857 849 917 quae
872 837 995 917 etipsa
1020 837 1142 899 bonum
1165 838 1222 900 dat
1245 859 1323 900 sen-

243 971 324 1026 sum,
349 971 408 1012 nec
430 950 680 1012 obliviscendum
700 961 758 1023 est,
781 950 886 1030 ipsum
905 949 1083 1010 Lucianum
1097 948 1194 1012 Rhet.
1207 951 1320 1014 Praec.

246 1077 283 1142 17
307 1063 442 1124 verbum
466 1063 543 1124 illud
566 1058 793 1146 εἱληθερεῖσθαι
817 1063 969 1123 damnare

287 1178 301 1238 I
335 1195 365 1255 4.
399 1177 535 1257 ἐοόσωμεν
558 1180 690 1249 τούτους,
716 1176 779 1239 ἐπεί
799 1198 843 1238 σοι
866 1177 952 1238 δοκεῖ.
977 1177 1053 1239 Post
1078 1175 1217 1255 εὀὶσωμεν
1240 1198 1320 1258 sup-

243 1290 395 1370 plendum
420 1302 469 1353 est
491 1290 556 1366 οὖν;
581 1292 695 1352 eodem
720 1291 816 1352 modo
839 1300 888 1352 est
912 1299 1081 1371 peccatum
1108 1290 1251 1371 Apolog.
1277 1308 1314 1352 11

243 1401 296 1463 ubi
320 1402 512 1465 Fritzschius
536 1425 553 1465 e
577 1403 646 1466 cod.
672 1403 698 1466 C
717 1400 805 1465 τοῦτο
826 1403 883 1482 μὲν
902 1400 950 1464 οὖν
963 1403 1036 1464 εἶναι
1049 1403 1133 1464 δοκεῖ
1138 1405 1269 1484 recepit,
1282 1413 1318 1467 et

242 1514 414 1594 Tyrannic.
440 1517 458 1577 8
478 1514 690 1578 Schwartzius
709 1518 864 1578 correxit:
885 1520 953 1578 τίνα
974 1514 1013 1577 οἳν
1034 1513 1111 1599 (οὖν)
1125 1519 1140 1578 ό
1152 1520 1317 1600 περίλοιπος

242 1623 408 1703 κολασθείη
432 1632 537 1713 τρόπον
545 1652 554 1704 3

287 1741 316 1802 II
342 1758 370 1804 2.
395 1737 474 1803 ἔνθα
498 1741 561 1826 γαρ
584 1742 623 1803 οδν
646 1745 718 1818 ίνρτε,
737 1737 934 1818 ἀκολουθήσω
946 1739 1034 1803 σἰνιων
1046 1744 1099 1803 καί
1109 1742 1252 1818 κατᾴδων
1264 1745 1318 1805 καὶ

242 1861 438 1930 καταγελῶν.
461 1855 547 1937 Quid
570 1855 620 1917 hic
645 1855 803 1935 significat
821 1854 986 1931 κατᾳδωνῖ2
1006 1854 1039 1918 Si
1059 1857 1235 1936 genuinum
1255 1865 1314 1932 est,

242 1965 419 2046 siguificare
447 1968 543 2029 debet
574 1979 692 2046 „cantu
723 1968 862 2049 opplere,
887 1969 1047 2030 cantando
1071 1968 1225 2030 molestiis
1247 1969 1315 2030 affi-

241 2098 312 2140 cere
346 2079 442 2160 alqm.
478 2079 542 2142 Sed
576 2080 783 2142 vehementer
816 2082 939 2156 dubito,
976 2102 1052 2142 num
1084 2102 1220 2162 usquam
1252 2081 1314 2144 hoc

241 2212 336 2253 sensu
367 2203 556 2274 usurpatum
589 2195 775 2270 inveniatur,
802 2215 905 2275 neque
928 2195 1106 2274 comparari
1129 2205 1237 2276 potest
1260 2195 1314 2257 Bis

242 2306 360 2368 Accus.
380 2307 427 2385 16,
441 2307 494 2367 ubi
507 2307 547 2367 de
558 2308 730 2369 Polemone
742 2308 893 2388 legimus:
910 2306 1052 2388 ἐκώμαζε
1065 2307 1115 2369 δια
1128 2313 1182 2384 τῆς
1194 2306 1314 2393 ἀγοραῖς

241 2420 335 2496 μέσας
369 2420 523 2504 ψαλτρίας
558 2424 639 2500 ἔχων
673 2425 725 2482 καί
755 2422 963 2499 κατᾳδόμενος
995 2418 1091 2483 ἕωθεν
1123 2421 1151 2493 ἐς
1175 2424 1312 2506 ἑσπέραν,

242 2531 295 2591 ubi
330 2532 439 2593 itidem
470 2534 671 2613 participium
702 2535 910 2612 κατᾳδόμενος
933 2546 1118 2615 corruptum
1143 2555 1212 2596 esse
1236 2536 1315 2598 vidit

241 2644 475 2706 Herwerdenus
498 2649 744 2725 καταυλούμενος
767 2649 936 2728 corrigens,
951 2648 1097 2719 Accedit,
1112 2649 1312 2729 υυοάκατᾳί-

240 2758 307 2830 δειν,
342 2758 396 2819 ubi
426 2761 571 2836 occurrit,
606 2781 735 2822 sensum
768 2761 866 2824 habet
897 2763 1087 2839 incantandi,
1120 2765 1313 2826 carminibus

183 2910 186 2919 -
240 2871 385 2950 placandi
416 2872 513 2934 veluti
542 2874 612 2952 Jov.
645 2874 741 2955 Trag.
776 2892 817 2954 39
840 2886 872 2936 et
896 2874 1097 2955 Philopseud.
1125 2893 1175 2955 31.
1200 2876 1314 2958 Itaque

240 2985 377 3065 suspicio
408 2984 484 3046 mihi
515 2986 654 3047 subnata
677 2997 725 3048 est
748 2987 890 3062 κατᾳδων
915 2988 1066 3048 vitiosum
1090 3008 1160 3049 esse
1182 2999 1214 3049 et
1237 2990 1313 3049 sim-

240 3098 317 3177 plex
350 3100 485 3159 verbum
516 3099 594 3174 ᾳίδων
624 3099 674 3160 hic
706 3120 775 3160 esse
806 3101 1043 3180 reponendum;
1069 3102 1118 3162 cui
1142 3102 1313 3182 suspicioni

240 3210 335 3284 favet,
366 3213 454 3293 quod
488 3213 550 3272 iam
586 3213 674 3273 initio
708 3212 802 3273 huius
837 3213 953 3294 dialogi
984 3214 1122 3276 Croesus
1152 3216 1311 3295 queritur:

242 3324 331 3388 ἐνιότε
354 3325 386 3387 δὲ
409 3329 461 3387 καί
483 3327 562 3401 ᾳδων
586 3325 783 3410 ἐπιταράττει
802 3327 887 3404 ἡμῶν
906 3323 964 3396 τοὶς
984 3327 1129 3410 οἰμωγοός,
1150 3328 1193 3391 D.
1213 3329 1310 3392 Mort.

240 3436 337 3500 XXII
359 3455 376 3499 2
410 3437 513 3500 ἐλοίλει
532 3438 614 3523 παροδ
634 3439 686 3501 τόν
705 3436 796 3501 πλοῦν
816 3444 875 3500 τῶν
889 3438 1042 3519 ἐπιβατῶν
1056 3442 1311 3504 ιίποίντωνκατα-

240 3556 340 3628 γελῶν
371 3554 423 3613 καὶ
453 3550 642 3614 ἐπισκώπτων
673 3554 724 3613 και
755 3557 844 3630 μόνος
874 3552 952 3627 ᾳῖδων
976 3549 1164 3633 οἰμωζόντων
1187 3552 1310 3618 ἐκείνων.

284 3667 320 3727 Iu
344 3665 407 3727 fine
429 3664 523 3727 huius
546 3665 663 3746 dialogi
686 3665 838 3746 legimus:
864 3666 963 3750 πρέποι
987 3665 1050 3751 γαρ
1071 3665 1110 3728 οδν
1129 3674 1196 3738 ταῖς
1209 3671 1311 3730 τοιαύ-

241 3801 308 3848 ταις
328 3780 477 3858 οἰμωγαῖς
498 3777 690 3858 ἐπᾳδόμενον.
714 3780 837 3841 Vitium
861 3780 1052 3841 tralaticium
1075 3778 1311 3862 huncquoque

180 3918 183 3923 ·
240 3892 345 3953 locum
369 3890 513 3968 obsidet;
538 3892 572 3965 δή
596 3893 627 3952 in
651 3893 689 3953 σ’ίν
712 3901 872 3954 mutatum
897 3891 970 3954 fecit
994 3902 1029 3954 ut
1048 3893 1197 3977 πρέπονίη
1211 3894 1311 3977 πρέποι

240 4006 359 4066 abierit,
385 4003 595 4067 Scribendum
619 4006 802 4085 igiturest:
829 4006 936 4090 πρέπον
955 4005 1019 4090 γοὶρ
1042 4007 1076 4082 δὴ
1100 4017 1168 4069 κτλ.

284 4118 426 4180 XXVIII
461 4137 492 4195 4.
527 4121 579 4178 καί
600 4119 752 4202 τιτρώσκει
776 4125 827 4180 τὸν
847 4122 932 4181 ίππον
955 4119 1009 4181 ὑπὸ
1033 4116 1137 4199 θυμοῦ
1157 4122 1210 4181 καὶ
1233 4119 1310 4197 σφο-

239 4227 380 4316 δρότητος
410 4232 518 4293 ἑαυτὸν
548 4233 755 4316 διαπείραντα.
789 4233 861 4295 Hoc
889 4255 965 4295 vero
990 4255 1085 4296 nemo
1110 4235 1227 4313 credet,
1252 4237 1310 4299 sed

240 4364 366 4406 mecum
389 4345 565 4427 postulabit
586 4345 786 4412 diaretorum.
