3456 5332
1355 504 1390 551 Xl

326 699 402 741 vero
424 677 578 760 paulatim
598 677 847 759 adgravescente
866 688 940 741 ante
959 700 1079 762 paucos
1098 679 1164 741 dies
1181 679 1262 741 tristi
1283 679 1394 740 nuntio

327 820 456 882 affectus
491 839 562 881 sum
597 819 699 880 virum
733 819 875 895 doctum,
908 820 997 881 cuius
1027 821 1057 880 in
1088 838 1139 880 me
1169 827 1295 881 tantum
1325 826 1393 880 erat

326 957 525 1034 beneficium,
547 967 683 1020 mortem
703 958 827 1019 obiisse.
848 957 954 1019 Facile
973 957 1112 1033 credent,
1134 958 1254 1038 opinor,
1271 976 1391 1032 omnes

326 1097 442 1178 quibus
464 1099 493 1158 in
518 1098 620 1179 patria
641 1105 748 1159 nostra
768 1096 943 1159 litterarum
963 1096 1163 1159 classicarum
1183 1095 1287 1159 studia
1307 1095 1393 1157 cordi

326 1248 410 1316 sunt,
441 1248 473 1301 et
496 1259 572 1320 prae
594 1239 706 1301 ceteris
729 1239 858 1301 rectoris
881 1237 1020 1300 defuncti
1043 1237 1134 1316 filius,
1159 1238 1279 1300 amicus
1303 1257 1393 1299 meus

326 1379 352 1459 J.
377 1375 508 1454 Mehler,
532 1376 705 1440 commilito
728 1387 760 1440 et
779 1378 956 1440 studiorum
975 1378 1088 1454 socius,
1109 1377 1265 1438 sincerum
1286 1396 1392 1438 meum

326 1538 396 1580 esse
417 1515 511 1579 huius
533 1517 630 1580 cladis
652 1518 804 1583 dolorem.

370 1656 517 1736 Denique
549 1655 700 1718 lectorem
731 1676 847 1719 moneo
878 1656 1043 1719 consilium
1067 1676 1175 1718 meum
1196 1657 1227 1718 in
1249 1656 1391 1719 Luciano

327 1794 527 1857 emendando
549 1794 665 1876 triplex
688 1795 800 1858 fuisse:
824 1797 973 1877 primum,
999 1805 1035 1858 ut
1058 1815 1131 1857 cum
1154 1796 1190 1857 iis
1215 1798 1392 1858 communi·

326 1952 431 1994 carem
472 1953 553 2015 quas
593 1934 660 2015 ipse
699 1935 802 1997 inveni
836 1935 1091 2012 emendationes;
1127 1935 1312 2016 secundum,
1346 1945 1390 2013 ut,

326 2093 407 2152 quas
436 2073 477 2134 ab
508 2073 575 2135 aliis
605 2082 690 2136 recte
721 2074 865 2136 inventas
888 2094 957 2137 esse
980 2074 1145 2156 putabam,
1169 2075 1266 2136 etiam
1289 2076 1392 2156 magis

326 2210 564 2289 confirmarem;
596 2213 734 2290 tertium,
763 2223 807 2290 ut,
839 2234 919 2294 quas
950 2233 1066 2295 pravas
1089 2212 1313 2275 existimabam
1336 2221 1392 2274 aut

327 2368 410 2429 quae
444 2350 547 2447 minus
580 2360 665 2413 recte
698 2351 867 2413 observata
898 2349 973 2413 mihi
1003 2351 1202 2429 videbantur,
1234 2360 1390 2432 quantum

328 2508 465 2570 possem,
490 2489 671 2553 refellerem.
697 2487 730 2552 Si
754 2490 835 2553 forte
858 2491 984 2554 fortuna
1007 2491 1128 2555 factum
1151 2501 1200 2554 est
1220 2499 1254 2553 ut
1273 2490 1390 2572 aliquid

327 2636 480 2709 tanquam
503 2648 611 2690 meum
631 2629 868 2707 venditaverim,
893 2630 935 2692 ab
954 2631 1021 2692 aliis
1043 2631 1106 2693 iam
1129 2639 1204 2694 ante
1226 2631 1390 2691 inventum

326 2775 358 2828 et
389 2767 519 2844 editum,
551 2766 614 2828 noli
644 2767 685 2829 de
711 2768 822 2831 fraude
845 2780 877 2833 et
901 2770 984 2833 furto
1008 2771 1158 2852 cogitare,
1182 2771 1238 2832 sed
1262 2771 1390 2851 ignosce

328 2923 418 2966 meae
441 2903 508 2965 sive
530 2904 728 2985 ignorantiae
750 2907 817 2968 sive
839 2907 1061 2989 negligentiae.

370 3180 552 3245 Editionem
589 3183 734 3263 Jacobitii
768 3193 922 3266 tanquam
956 3187 1197 3250 fundamentum
1231 3188 1390 3252 substravi

327 3324 542 3406 librorumque
565 3323 702 3386 eundem
725 3327 848 3388 servavi
869 3328 1021 3407 ordinem,
1045 3349 1109 3411 quo
1132 3330 1174 3391 ibi
1197 3329 1355 3411 leguntur.
