<?xml version="1.0" encoding="UTF-8"?>
<!DOCTYPE html PUBLIC "-//W3C//DTD XHTML 1.0 Transitional//EN"
    "http://www.w3.org/TR/xhtml1/DTD/xhtml1-transitional.dtd">
<html xmlns="http://www.w3.org/1999/xhtml" xml:lang="en" lang="en">
 <head>
  <title>
</title>
<meta http-equiv="Content-Type" content="text/html;charset=utf-8" />
  <meta name='ocr-system' content='tesseract 3.04.00' />
  <meta name='ocr-capabilities' content='ocr_page ocr_carea ocr_par ocr_line ocrx_word'/>
</head>
<body>
  <div class='ocr_page' id='page_1' title='image "./exercitationesc00jonggoog_0086.png"; bbox 0 0 3456 5332; ppageno 0'>
   <div class='ocr_carea' id='block_1_1' title="bbox 698 1267 1020 1338">
    <p class='ocr_par' dir='ltr' id='par_1_1' title="bbox 698 1267 1020 1338">
     <span class='ocr_line' id='line_1_1' title="bbox 698 1267 1020 1338; baseline 0.003 -2"><span class='ocrx_word' id='word_1_1' title='bbox 698 1267 899 1338; x_wconf 80' lang='lat' dir='ltr'><strong>CAPUT</strong></span> <span class='ocrx_word' id='word_1_2' title='bbox 934 1271 1020 1337; x_wconf 93' lang='lat' dir='ltr'><strong>III.</strong></span> 
     </span>
    </p>
   </div>
   <div class='ocr_carea' id='block_1_2' title="bbox 768 1477 959 1486">
    <p class='ocr_par' dir='ltr' id='par_1_2' title="bbox 768 1477 959 1486">
     <span class='ocr_line' id='line_1_2' title="bbox 768 1477 959 1486; baseline 0.01 -2"><span class='ocrx_word' id='word_1_3' title='bbox 768 1477 959 1486; x_wconf 79' lang='lat'>——-—</span> 
     </span>
    </p>
   </div>
   <div class='ocr_carea' id='block_1_3' title="bbox 326 1668 1394 2435">
    <p class='ocr_par' dir='ltr' id='par_1_3' title="bbox 371 1668 670 1732">
     <span class='ocr_line' id='line_1_3' title="bbox 371 1668 670 1732; baseline 0 -2"><span class='ocrx_word' id='word_1_4' title='bbox 371 1668 428 1730; x_wconf 84' lang='lat' dir='ltr'><strong>Brs</strong></span> <span class='ocrx_word' id='word_1_5' title='bbox 450 1668 670 1732; x_wconf 82' lang='lat' dir='ltr'><strong>ACCUSATUS.</strong></span> 
     </span>
    </p>

    <p class='ocr_par' dir='ltr' id='par_1_4' title="bbox 326 1780 1394 2435">
     <span class='ocr_line' id='line_1_4' title="bbox 372 1780 1394 1864; baseline 0.002 -21"><span class='ocrx_word' id='word_1_6' title='bbox 372 1782 499 1845; x_wconf 83' lang='lat' dir='ltr'><strong>Notatis</strong></span> <span class='ocrx_word' id='word_1_7' title='bbox 521 1803 548 1844; x_wconf 87' lang='lat' dir='ltr'><strong>e.</strong></span> <span class='ocrx_word' id='word_1_8' title='bbox 577 1803 588 1847; x_wconf 93' lang='lat'><em>1</em></span> <span class='ocrx_word' id='word_1_9' title='bbox 616 1786 632 1845; x_wconf 86' lang='grc' dir='ltr'><em>ό</em></span> <span class='ocrx_word' id='word_1_10' title='bbox 652 1780 817 1845; x_wconf 81' lang='grc' dir='ltr'><em>Ἀπόλλων</em></span> <span class='ocrx_word' id='word_1_11' title='bbox 839 1783 864 1844; x_wconf 87' lang='grc' dir='ltr'><strong>δ’</strong></span> <span class='ocrx_word' id='word_1_12' title='bbox 889 1782 929 1845; x_wconf 71' lang='grc' dir='ltr'><strong>αὖ</strong></span> <span class='ocrx_word' id='word_1_13' title='bbox 952 1804 1009 1864; x_wconf 88' lang='lat' dir='ltr'><strong>pro</strong></span> <span class='ocrx_word' id='word_1_14' title='bbox 1034 1807 1068 1846; x_wconf 85' lang='grc' dir='ltr'><strong>σε</strong></span> <span class='ocrx_word' id='word_1_15' title='bbox 1093 1783 1142 1856; x_wconf 75' lang='grc' dir='ltr'><strong>οοῦ,</strong></span> <span class='ocrx_word' id='word_1_16' title='bbox 1162 1805 1188 1847; x_wconf 87' lang='lat' dir='ltr'><strong>e.</strong></span> <span class='ocrx_word' id='word_1_17' title='bbox 1211 1785 1394 1848; x_wconf 72' lang='grc' dir='ltr'><em>8κοιὶοιύσοί</em></span> 
     </span>
     <span class='ocr_line' id='line_1_5' title="bbox 328 1893 1391 1983; baseline 0.003 -26"><span class='ocrx_word' id='word_1_18' title='bbox 328 1916 385 1976; x_wconf 91' lang='lat' dir='ltr'><strong>pro</strong></span> <span class='ocrx_word' id='word_1_19' title='bbox 419 1898 472 1958; x_wconf 76' lang='grc' dir='ltr'><em>κοιί</em></span> <span class='ocrx_word' id='word_1_20' title='bbox 503 1893 590 1968; x_wconf 72' lang='grc' dir='ltr'><em>οὗτοι,</em></span> <span class='ocrx_word' id='word_1_21' title='bbox 625 1917 643 1958; x_wconf 87' lang='lat' dir='ltr'><strong>c</strong></span> <span class='ocrx_word' id='word_1_22' title='bbox 690 1914 726 1976; x_wconf 84' lang='lat'><strong>31</strong></span> <span class='ocrx_word' id='word_1_23' title='bbox 761 1896 825 1958; x_wconf 83' lang='grc' dir='ltr'><em>ουδὲ</em></span> <span class='ocrx_word' id='word_1_24' title='bbox 855 1894 1083 1983; x_wconf 78' lang='grc' dir='ltr'><em>(διοι)με’νουσοον</em></span> <span class='ocrx_word' id='word_1_25' title='bbox 1114 1896 1159 1960; x_wconf 80' lang='grc' dir='ltr'><strong>ἐπὶ</strong></span> <span class='ocrx_word' id='word_1_26' title='bbox 1189 1895 1241 1960; x_wconf 72' lang='grc' dir='ltr'><em>που</em></span> <span class='ocrx_word' id='word_1_27' title='bbox 1270 1902 1391 1978; x_wconf 79' lang='grc' dir='ltr'><em>κοσμίου</em></span> 
     </span>
     <span class='ocr_line' id='line_1_6' title="bbox 326 2007 1388 2101; baseline 0.003 -29"><span class='ocrx_word' id='word_1_28' title='bbox 326 2012 492 2089; x_wconf 73' lang='grc' dir='ltr'><em>σχήματος</em></span> <span class='ocrx_word' id='word_1_29' title='bbox 525 2007 577 2101; x_wconf 74' lang='lat' dir='ltr'><strong>(cf.</strong></span> <span class='ocrx_word' id='word_1_30' title='bbox 610 2030 636 2073; x_wconf 88' lang='lat' dir='ltr'><strong>c.</strong></span> <span class='ocrx_word' id='word_1_31' title='bbox 670 2027 721 2091; x_wconf 86' lang='grc'><strong>33,</strong></span> <span class='ocrx_word' id='word_1_32' title='bbox 746 2010 867 2091; x_wconf 88' lang='lat' dir='ltr'><strong>Nigrin.</strong></span> <span class='ocrx_word' id='word_1_33' title='bbox 894 2028 944 2090; x_wconf 86' lang='grc' dir='ltr'><strong>3ο,</strong></span> <span class='ocrx_word' id='word_1_34' title='bbox 969 2031 1027 2092; x_wconf 86' lang='lat' dir='ltr'><strong>pro</strong></span> <span class='ocrx_word' id='word_1_35' title='bbox 1049 2011 1158 2092; x_wconf 90' lang='lat' dir='ltr'><strong>Lapsu</strong></span> <span class='ocrx_word' id='word_1_36' title='bbox 1181 2012 1212 2072; x_wconf 87' lang='lat' dir='ltr'><strong>in</strong></span> <span class='ocrx_word' id='word_1_37' title='bbox 1234 2010 1335 2075; x_wconf 81' lang='lat' dir='ltr'><strong>Salut.</strong></span> <span class='ocrx_word' id='word_1_38' title='bbox 1361 2029 1388 2091; x_wconf 84' lang='lat'><strong>3,</strong></span> 
     </span>
     <span class='ocr_line' id='line_1_7' title="bbox 327 2123 1392 2207; baseline 0.001 -21"><span class='ocrx_word' id='word_1_39' title='bbox 327 2124 409 2186; x_wconf 84' lang='lat' dir='ltr'><strong>Galli</strong></span> <span class='ocrx_word' id='word_1_40' title='bbox 450 2123 511 2206; x_wconf 89' lang='lat'>11),</span> <span class='ocrx_word' id='word_1_41' title='bbox 547 2124 640 2185; x_wconf 88' lang='lat' dir='ltr'><strong>venio</strong></span> <span class='ocrx_word' id='word_1_42' title='bbox 673 2124 714 2185; x_wconf 88' lang='lat' dir='ltr'><strong>ad</strong></span> <span class='ocrx_word' id='word_1_43' title='bbox 748 2123 845 2185; x_wconf 90' lang='lat' dir='ltr'><strong>verba</strong></span> <span class='ocrx_word' id='word_1_44' title='bbox 879 2126 1006 2206; x_wconf 83' lang='lat' dir='ltr'><strong>gravius</strong></span> <span class='ocrx_word' id='word_1_45' title='bbox 1038 2135 1187 2207; x_wconf 86' lang='lat' dir='ltr'><strong>corrupta</strong></span> <span class='ocrx_word' id='word_1_46' title='bbox 1216 2146 1233 2187; x_wconf 91' lang='lat' dir='ltr'>c</span> <span class='ocrx_word' id='word_1_47' title='bbox 1277 2143 1315 2205; x_wconf 88' lang='grc'><strong>33</strong></span> <span class='ocrx_word' id='word_1_48' title='bbox 1347 2127 1392 2188; x_wconf 86' lang='grc' dir='ltr'><strong>όσι</strong></span> 
     </span>
     <span class='ocr_line' id='line_1_8' title="bbox 328 2233 1392 2324; baseline 0.002 -25"><span class='ocrx_word' id='word_1_49' title='bbox 328 2261 368 2317; x_wconf 90' lang='grc' dir='ltr'><strong>με</strong></span> <span class='ocrx_word' id='word_1_50' title='bbox 398 2237 506 2316; x_wconf 81' lang='grc' dir='ltr'><em>σεμνόν</em></span> <span class='ocrx_word' id='word_1_51' title='bbox 540 2238 613 2307; x_wconf 82' lang='grc' dir='ltr'><em>σε’ως</em></span> <span class='ocrx_word' id='word_1_52' title='bbox 636 2240 709 2300; x_wconf 83' lang='grc' dir='ltr'><em>όνσοο</em></span> <span class='ocrx_word' id='word_1_53' title='bbox 733 2242 785 2298; x_wconf 71' lang='grc' dir='ltr'><strong>καί</strong></span> <span class='ocrx_word' id='word_1_54' title='bbox 807 2233 886 2299; x_wconf 68' lang='grc' dir='ltr'><strong>θεῶν</strong></span> <span class='ocrx_word' id='word_1_55' title='bbox 910 2261 944 2300; x_wconf 83' lang='grc' dir='ltr'><strong>σε</strong></span> <span class='ocrx_word' id='word_1_56' title='bbox 968 2239 1030 2324; x_wconf 83' lang='grc' dir='ltr'><em>πέρι</em></span> <span class='ocrx_word' id='word_1_57' title='bbox 1051 2242 1104 2301; x_wconf 73' lang='grc' dir='ltr'><em>νοοῖ</em></span> <span class='ocrx_word' id='word_1_58' title='bbox 1126 2236 1243 2318; x_wconf 76' lang='grc' dir='ltr'><em>Φύσεως</em></span> <span class='ocrx_word' id='word_1_59' title='bbox 1265 2241 1316 2300; x_wconf 77' lang='grc' dir='ltr'><strong>καὶ</strong></span> <span class='ocrx_word' id='word_1_60' title='bbox 1338 2243 1392 2315; x_wconf 69' lang='grc' dir='ltr'><strong>τῆς</strong></span> 
     </span>
     <span class='ocr_line' id='line_1_9' title="bbox 327 2349 1391 2435; baseline 0.003 -23"><span class='ocrx_word' id='word_1_61' title='bbox 327 2355 386 2413; x_wconf 82' lang='grc' dir='ltr'><strong>πῶν</strong></span> <span class='ocrx_word' id='word_1_62' title='bbox 407 2353 481 2412; x_wconf 79' lang='grc' dir='ltr'><em>όλων</em></span> <span class='ocrx_word' id='word_1_63' title='bbox 504 2351 631 2435; x_wconf 74' lang='grc' dir='ltr'><strong>περιόδου</strong></span> <span class='ocrx_word' id='word_1_64' title='bbox 653 2353 859 2430; x_wconf 73' lang='grc' dir='ltr'><strong>σκοπούμενον.</strong></span> <span class='ocrx_word' id='word_1_65' title='bbox 883 2349 1003 2422; x_wconf 79' lang='grc' dir='ltr'><em>Φύσεως</em></span> <span class='ocrx_word' id='word_1_66' title='bbox 1024 2353 1067 2415; x_wconf 91' lang='lat' dir='ltr'><strong>sic</strong></span> <span class='ocrx_word' id='word_1_67' title='bbox 1086 2353 1231 2415; x_wconf 89' lang='lat' dir='ltr'><strong>absolute</strong></span> <span class='ocrx_word' id='word_1_68' title='bbox 1250 2355 1391 2434; x_wconf 89' lang='lat' dir='ltr'><strong>positum</strong></span> 
     </span>
    </p>
   </div>
   <div class='ocr_carea' id='block_1_4' title="bbox 222 2464 1391 2545">
    <p class='ocr_par' dir='ltr' id='par_1_5' title="bbox 222 2464 1391 2545">
     <span class='ocr_line' id='line_1_10' title="bbox 222 2464 1391 2545; baseline 0.003 -20"><span class='ocrx_word' id='word_1_69' title='bbox 222 2500 225 2508; x_wconf 89' lang='lat'>·</span> <span class='ocrx_word' id='word_1_70' title='bbox 327 2465 501 2526; x_wconf 88' lang='lat' dir='ltr'>admodum</span> <span class='ocrx_word' id='word_1_71' title='bbox 524 2464 677 2545; x_wconf 85' lang='lat' dir='ltr'><strong>displicet,</strong></span> <span class='ocrx_word' id='word_1_72' title='bbox 702 2464 884 2526; x_wconf 90' lang='lat' dir='ltr'><strong>addendum</strong></span> <span class='ocrx_word' id='word_1_73' title='bbox 908 2466 991 2527; x_wconf 88' lang='lat' dir='ltr'><strong>enim</strong></span> <span class='ocrx_word' id='word_1_74' title='bbox 1012 2465 1112 2529; x_wconf 83' lang='lat' dir='ltr'><strong>fuerat</strong></span> <span class='ocrx_word' id='word_1_75' title='bbox 1124 2466 1212 2528; x_wconf 89' lang='lat' dir='ltr'><strong>cuius</strong></span> <span class='ocrx_word' id='word_1_76' title='bbox 1223 2467 1266 2528; x_wconf 89' lang='lat' dir='ltr'><strong>rei</strong></span> <span class='ocrx_word' id='word_1_77' title='bbox 1279 2475 1391 2530; x_wconf 84' lang='lat' dir='ltr'><strong>natura</strong></span> 
     </span>
    </p>
   </div>
   <div class='ocr_carea' id='block_1_5' title="bbox 326 2576 1392 3344">
    <p class='ocr_par' dir='ltr' id='par_1_6' title="bbox 326 2576 1392 3344">
     <span class='ocr_line' id='line_1_11' title="bbox 327 2576 1392 2666; baseline 0.004 -28"><span class='ocrx_word' id='word_1_78' title='bbox 327 2576 573 2659; x_wconf 84' lang='lat' dir='ltr'><strong>significaretur;</strong></span> <span class='ocrx_word' id='word_1_79' title='bbox 599 2598 657 2640; x_wconf 89' lang='lat' dir='ltr'><strong>nec</strong></span> <span class='ocrx_word' id='word_1_80' title='bbox 680 2579 782 2659; x_wconf 88' lang='lat' dir='ltr'><strong>magis</strong></span> <span class='ocrx_word' id='word_1_81' title='bbox 804 2579 902 2640; x_wconf 87' lang='lat' dir='ltr'><strong>verba</strong></span> <span class='ocrx_word' id='word_1_82' title='bbox 925 2583 978 2656; x_wconf 73' lang='grc' dir='ltr'><strong>τῆς</strong></span> <span class='ocrx_word' id='word_1_83' title='bbox 1001 2585 1059 2641; x_wconf 80' lang='grc' dir='ltr'><strong>τῶν</strong></span> <span class='ocrx_word' id='word_1_84' title='bbox 1082 2581 1155 2641; x_wconf 78' lang='grc' dir='ltr'><em>όλων</em></span> <span class='ocrx_word' id='word_1_85' title='bbox 1174 2580 1302 2666; x_wconf 84' lang='grc' dir='ltr'><em>περιόδου</em></span> <span class='ocrx_word' id='word_1_86' title='bbox 1314 2601 1392 2642; x_wconf 86' lang='lat' dir='ltr'><strong>sana</strong></span> 
     </span>
     <span class='ocr_line' id='line_1_12' title="bbox 328 2689 1391 2774; baseline 0.003 -22"><span class='ocrx_word' id='word_1_87' title='bbox 328 2689 404 2752; x_wconf 90' lang='lat' dir='ltr'>mihi</span> <span class='ocrx_word' id='word_1_88' title='bbox 435 2690 581 2752; x_wconf 85' lang='lat' dir='ltr'><strong>videntur</strong></span> <span class='ocrx_word' id='word_1_89' title='bbox 589 2711 597 2768; x_wconf 89' lang='lat'>;</span> <span class='ocrx_word' id='word_1_90' title='bbox 628 2695 687 2753; x_wconf 81' lang='grc' dir='ltr'><strong>πῶν</strong></span> <span class='ocrx_word' id='word_1_91' title='bbox 711 2694 784 2752; x_wconf 80' lang='grc' dir='ltr'><em>ὅλων</em></span> <span class='ocrx_word' id='word_1_92' title='bbox 809 2693 935 2774; x_wconf 88' lang='lat' dir='ltr'><strong>saepius</strong></span> <span class='ocrx_word' id='word_1_93' title='bbox 958 2692 1089 2774; x_wconf 83' lang='lat' dir='ltr'><strong>legitur:</strong></span> <span class='ocrx_word' id='word_1_94' title='bbox 1112 2693 1188 2755; x_wconf 91' lang='lat' dir='ltr'><strong>Icar.</strong></span> <span class='ocrx_word' id='word_1_95' title='bbox 1216 2706 1230 2771; x_wconf 86' lang='lat'><strong>5</strong></span> <span class='ocrx_word' id='word_1_96' title='bbox 1256 2693 1391 2770; x_wconf 74' lang='grc' dir='ltr'><em>τὴντῶν</em></span> 
     </span>
     <span class='ocr_line' id='line_1_13' title="bbox 327 2804 1390 2893; baseline 0.006 -27"><span class='ocrx_word' id='word_1_97' title='bbox 327 2807 400 2866; x_wconf 78' lang='grc' dir='ltr'><em>όλων</em></span> <span class='ocrx_word' id='word_1_98' title='bbox 418 2804 621 2883; x_wconf 69' lang='grc' dir='ltr'><strong>διακόσμησιν,</strong></span> <span class='ocrx_word' id='word_1_99' title='bbox 639 2806 753 2868; x_wconf 88' lang='lat' dir='ltr'><strong>Amor.</strong></span> <span class='ocrx_word' id='word_1_100' title='bbox 783 2823 821 2885; x_wconf 88' lang='lat'><strong>19</strong></span> <span class='ocrx_word' id='word_1_101' title='bbox 844 2808 897 2883; x_wconf 73' lang='grc' dir='ltr'><strong>τὴν</strong></span> <span class='ocrx_word' id='word_1_102' title='bbox 922 2804 979 2868; x_wconf 74' lang='grc' dir='ltr'><em>πῖον</em></span> <span class='ocrx_word' id='word_1_103' title='bbox 1001 2809 1075 2868; x_wconf 77' lang='grc' dir='ltr'><em>όλων</em></span> <span class='ocrx_word' id='word_1_104' title='bbox 1093 2806 1191 2893; x_wconf 76' lang='grc' dir='ltr'><em>Φύσιν,</em></span> <span class='ocrx_word' id='word_1_105' title='bbox 1212 2807 1278 2870; x_wconf 79' lang='lat' dir='ltr'><strong>Vit.</strong></span> <span class='ocrx_word' id='word_1_106' title='bbox 1295 2807 1390 2872; x_wconf 86' lang='lat' dir='ltr'><strong>Auct.</strong></span> 
     </span>
     <span class='ocr_line' id='line_1_14' title="bbox 331 2916 1392 3006; baseline 0.004 -28"><span class='ocrx_word' id='word_1_107' title='bbox 331 2933 378 2994; x_wconf 86' lang='lat'><strong>12,</strong></span> <span class='ocrx_word' id='word_1_108' title='bbox 409 2916 448 2980; x_wconf 89' lang='lat' dir='ltr'><strong>D.</strong></span> <span class='ocrx_word' id='word_1_109' title='bbox 480 2917 567 2979; x_wconf 90' lang='lat' dir='ltr'><strong>Mort</strong></span> <span class='ocrx_word' id='word_1_110' title='bbox 589 2919 603 2978; x_wconf 96' lang='lat' dir='ltr'>I</span> <span class='ocrx_word' id='word_1_111' title='bbox 627 2934 655 2994; x_wconf 86' lang='lat'><strong>2,</strong></span> <span class='ocrx_word' id='word_1_112' title='bbox 680 2918 720 2980; x_wconf 89' lang='lat' dir='ltr'><strong>de</strong></span> <span class='ocrx_word' id='word_1_113' title='bbox 741 2917 853 2981; x_wconf 82' lang='lat' dir='ltr'><strong>Saltat.</strong></span> <span class='ocrx_word' id='word_1_114' title='bbox 878 2934 906 2998; x_wconf 90' lang='lat'><strong>7,</strong></span> <span class='ocrx_word' id='word_1_115' title='bbox 931 2921 987 2981; x_wconf 89' lang='lat' dir='ltr'><strong>sed</strong></span> <span class='ocrx_word' id='word_1_116' title='bbox 1011 2918 1065 2995; x_wconf 67' lang='grc' dir='ltr'><strong>τόν</strong></span> <span class='ocrx_word' id='word_1_117' title='bbox 1087 2925 1146 2982; x_wconf 82' lang='grc' dir='ltr'><strong>τῶν</strong></span> <span class='ocrx_word' id='word_1_118' title='bbox 1169 2922 1242 2982; x_wconf 81' lang='grc' dir='ltr'><em>ὅλων</em></span> <span class='ocrx_word' id='word_1_119' title='bbox 1266 2921 1392 3006; x_wconf 72' lang='grc' dir='ltr'><em>περίοδον</em></span> 
     </span>
     <span class='ocr_line' id='line_1_15' title="bbox 326 3031 1391 3112; baseline 0.005 -21"><span class='ocrx_word' id='word_1_120' title='bbox 326 3031 440 3092; x_wconf 81' lang='lat' dir='ltr'><strong>frustra</strong></span> <span class='ocrx_word' id='word_1_121' title='bbox 462 3051 605 3112; x_wconf 84' lang='lat' dir='ltr'><strong>quaeres.</strong></span> <span class='ocrx_word' id='word_1_122' title='bbox 630 3032 799 3094; x_wconf 83' lang='lat' dir='ltr'><strong>Parvulum</strong></span> <span class='ocrx_word' id='word_1_123' title='bbox 822 3034 934 3095; x_wconf 88' lang='lat' dir='ltr'><strong>vitium</strong></span> <span class='ocrx_word' id='word_1_124' title='bbox 957 3033 1015 3096; x_wconf 90' lang='lat' dir='ltr'><strong>has</strong></span> <span class='ocrx_word' id='word_1_125' title='bbox 1034 3034 1146 3097; x_wconf 81' lang='lat' dir='ltr'>turbas</span> <span class='ocrx_word' id='word_1_126' title='bbox 1164 3035 1287 3096; x_wconf 88' lang='lat' dir='ltr'><strong>dedisse</strong></span> <span class='ocrx_word' id='word_1_127' title='bbox 1305 3035 1391 3096; x_wconf 89' lang='lat' dir='ltr'><strong>vide·</strong></span> 
     </span>
     <span class='ocr_line' id='line_1_16' title="bbox 327 3141 1392 3232; baseline 0.006 -28"><span class='ocrx_word' id='word_1_128' title='bbox 327 3154 378 3205; x_wconf 91' lang='lat' dir='ltr'><strong>tur</strong></span> <span class='ocrx_word' id='word_1_129' title='bbox 386 3165 393 3220; x_wconf 94' lang='lat'>;</span> <span class='ocrx_word' id='word_1_130' title='bbox 429 3145 454 3205; x_wconf 89' lang='lat' dir='ltr'><strong>si</strong></span> <span class='ocrx_word' id='word_1_131' title='bbox 489 3144 563 3206; x_wconf 89' lang='lat' dir='ltr'>olim</span> <span class='ocrx_word' id='word_1_132' title='bbox 598 3147 750 3227; x_wconf 87' lang='lat' dir='ltr'><strong>scriptum</strong></span> <span class='ocrx_word' id='word_1_133' title='bbox 780 3146 836 3207; x_wconf 85' lang='lat' dir='ltr'><strong>fuit</strong></span> <span class='ocrx_word' id='word_1_134' title='bbox 867 3141 947 3208; x_wconf 65' lang='grc' dir='ltr'><em>θεῶν</em></span> <span class='ocrx_word' id='word_1_135' title='bbox 977 3169 1012 3208; x_wconf 82' lang='grc' dir='ltr'><strong>τε</strong></span> <span class='ocrx_word' id='word_1_136' title='bbox 1036 3148 1098 3232; x_wconf 88' lang='grc' dir='ltr'><em>πέρι</em></span> <span class='ocrx_word' id='word_1_137' title='bbox 1120 3150 1172 3209; x_wconf 72' lang='lat' dir='ltr'><strong>uui</strong></span> <span class='ocrx_word' id='word_1_138' title='bbox 1193 3145 1310 3227; x_wconf 73' lang='grc' dir='ltr'><em>φύσεως</em></span> <span class='ocrx_word' id='word_1_139' title='bbox 1333 3153 1392 3210; x_wconf 83' lang='grc' dir='ltr'><strong>πῶν</strong></span> 
     </span>
     <span class='ocr_line' id='line_1_17' title="bbox 327 3259 1392 3344; baseline 0.006 -25"><span class='ocrx_word' id='word_1_140' title='bbox 327 3260 400 3319; x_wconf 76' lang='grc' dir='ltr'><em>ὅλων</em></span> <span class='ocrx_word' id='word_1_141' title='bbox 433 3261 485 3319; x_wconf 67' lang='lat' dir='ltr'><strong>ux)</strong></span> <span class='ocrx_word' id='word_1_142' title='bbox 516 3261 574 3336; x_wconf 70' lang='grc' dir='ltr'><strong>γῆς</strong></span> <span class='ocrx_word' id='word_1_143' title='bbox 604 3260 742 3344; x_wconf 74' lang='grc' dir='ltr'><em>περιόδου,</em></span> <span class='ocrx_word' id='word_1_144' title='bbox 774 3259 985 3340; x_wconf 72' lang='lat' dir='ltr'><strong>depravatum</strong></span> <span class='ocrx_word' id='word_1_145' title='bbox 1017 3264 1074 3337; x_wconf 74' lang='grc' dir='ltr'><strong>γῆς</strong></span> <span class='ocrx_word' id='word_1_146' title='bbox 1105 3262 1135 3323; x_wconf 90' lang='lat' dir='ltr'><strong>in</strong></span> <span class='ocrx_word' id='word_1_147' title='bbox 1169 3266 1221 3338; x_wconf 73' lang='grc' dir='ltr'><strong>τῆς</strong></span> <span class='ocrx_word' id='word_1_148' title='bbox 1251 3262 1331 3338; x_wconf 82' lang='lat' dir='ltr'><strong>fecit,</strong></span> <span class='ocrx_word' id='word_1_149' title='bbox 1357 3271 1392 3325; x_wconf 88' lang='lat' dir='ltr'><strong>ut</strong></span> 
     </span>
    </p>
   </div>
   <div class='ocr_carea' id='block_1_6' title="bbox 326 3370 1393 3914">
    <p class='ocr_par' dir='ltr' id='par_1_7' title="bbox 326 3370 1393 3685">
     <span class='ocr_line' id='line_1_18' title="bbox 326 3370 1390 3462; baseline 0.004 -27"><span class='ocrx_word' id='word_1_150' title='bbox 326 3370 424 3436; x_wconf 85' lang='lat' dir='ltr'><strong>verba</strong></span> <span class='ocrx_word' id='word_1_151' title='bbox 453 3376 511 3433; x_wconf 85' lang='grc' dir='ltr'><strong>πῶν</strong></span> <span class='ocrx_word' id='word_1_152' title='bbox 535 3375 608 3434; x_wconf 75' lang='grc' dir='ltr'><em>όλων</em></span> <span class='ocrx_word' id='word_1_153' title='bbox 629 3372 699 3435; x_wconf 89' lang='lat' dir='ltr'>loco</span> <span class='ocrx_word' id='word_1_154' title='bbox 724 3393 783 3435; x_wconf 90' lang='lat' dir='ltr'><strong>suo</strong></span> <span class='ocrx_word' id='word_1_155' title='bbox 811 3384 1022 3436; x_wconf 90' lang='lat' dir='ltr'><strong>moverentur.</strong></span> <span class='ocrx_word' id='word_1_156' title='bbox 1047 3374 1098 3436; x_wconf 92' lang='lat' dir='ltr'><strong>De</strong></span> <span class='ocrx_word' id='word_1_157' title='bbox 1122 3380 1180 3453; x_wconf 67' lang='grc' dir='ltr'><strong>γῆς</strong></span> <span class='ocrx_word' id='word_1_158' title='bbox 1203 3376 1330 3462; x_wconf 85' lang='grc' dir='ltr'><em>περιόδου</em></span> <span class='ocrx_word' id='word_1_159' title='bbox 1353 3377 1390 3440; x_wconf 83' lang='lat' dir='ltr'><strong>cs.</strong></span> 
     </span>
     <span class='ocr_line' id='line_1_19' title="bbox 326 3484 1393 3571; baseline 0.007 -26"><span class='ocrx_word' id='word_1_160' title='bbox 326 3484 435 3548; x_wconf 92' lang='lat' dir='ltr'><strong>Nubb.</strong></span> <span class='ocrx_word' id='word_1_161' title='bbox 477 3485 541 3546; x_wconf 85' lang='lat'><strong>206</strong></span> <span class='ocrx_word' id='word_1_162' title='bbox 582 3485 826 3567; x_wconf 83' lang='lat' dir='ltr'>Aristophanis,</span> <span class='ocrx_word' id='word_1_163' title='bbox 870 3507 965 3568; x_wconf 89' lang='lat' dir='ltr'><strong>quem</strong></span> <span class='ocrx_word' id='word_1_164' title='bbox 1012 3500 1212 3571; x_wconf 87' lang='lat' dir='ltr'><strong>quantopere</strong></span> <span class='ocrx_word' id='word_1_165' title='bbox 1253 3489 1393 3553; x_wconf 83' lang='lat' dir='ltr'><strong>calluerit</strong></span> 
     </span>
     <span class='ocr_line' id='line_1_20' title="bbox 326 3600 1119 3685; baseline 0.008 -24"><span class='ocrx_word' id='word_1_166' title='bbox 326 3601 496 3681; x_wconf 76' lang='lat' dir='ltr'><strong>Lucianu5‚</strong></span> <span class='ocrx_word' id='word_1_167' title='bbox 521 3602 659 3663; x_wconf 82' lang='lat' dir='ltr'><strong>ostendit</strong></span> <span class='ocrx_word' id='word_1_168' title='bbox 682 3600 752 3664; x_wconf 88' lang='lat' dir='ltr'><strong>Cob</strong></span> <span class='ocrx_word' id='word_1_169' title='bbox 787 3601 829 3662; x_wconf 93' lang='lat' dir='ltr'><strong>V.</strong></span> <span class='ocrx_word' id='word_1_170' title='bbox 842 3601 879 3663; x_wconf 88' lang='lat' dir='ltr'><strong>L.</strong></span> <span class='ocrx_word' id='word_1_171' title='bbox 904 3622 958 3683; x_wconf 90' lang='lat' dir='ltr'><strong>pg.</strong></span> <span class='ocrx_word' id='word_1_172' title='bbox 987 3620 1043 3665; x_wconf 87' lang='lat'><strong>111</strong></span> <span class='ocrx_word' id='word_1_173' title='bbox 1072 3624 1119 3685; x_wconf 89' lang='lat' dir='ltr'><strong>sq.</strong></span> 
     </span>
    </p>

    <p class='ocr_par' dir='ltr' id='par_1_8' title="bbox 370 3713 631 3776">
     <span class='ocr_line' id='line_1_21' title="bbox 370 3713 631 3776; baseline -0.004 -1"><span class='ocrx_word' id='word_1_174' title='bbox 370 3713 424 3775; x_wconf 78' lang='lat' dir='ltr'><strong>DE</strong></span> <span class='ocrx_word' id='word_1_175' title='bbox 446 3713 631 3776; x_wconf 72' lang='lat' dir='ltr'><strong>PARAsrro.</strong></span> 
     </span>
    </p>

    <p class='ocr_par' dir='ltr' id='par_1_9' title="bbox 370 3824 1391 3914">
     <span class='ocr_line' id='line_1_22' title="bbox 370 3824 1391 3914; baseline 0.004 -25"><span class='ocrx_word' id='word_1_176' title='bbox 370 3826 405 3890; x_wconf 87' lang='lat' dir='ltr'><strong>C.</strong></span> <span class='ocrx_word' id='word_1_177' title='bbox 442 3844 470 3890; x_wconf 91' lang='lat'><strong>2.</strong></span> <span class='ocrx_word' id='word_1_178' title='bbox 506 3824 723 3913; x_wconf 69' lang='grc' dir='ltr'><em>παραιτεῖσθαι</em></span> <span class='ocrx_word' id='word_1_179' title='bbox 757 3827 788 3889; x_wconf 82' lang='grc' dir='ltr'><strong>δὲ</strong></span> <span class='ocrx_word' id='word_1_180' title='bbox 820 3833 879 3889; x_wconf 82' lang='grc' dir='ltr'><strong>τῶν</strong></span> <span class='ocrx_word' id='word_1_181' title='bbox 911 3828 1147 3914; x_wconf 68' lang='grc' dir='ltr'><em>ἁμαρτημάτων</em></span> <span class='ocrx_word' id='word_1_182' title='bbox 1180 3828 1288 3900; x_wconf 74' lang='grc' dir='ltr'><em>αὐτούς</em></span> <span class='ocrx_word' id='word_1_183' title='bbox 1322 3842 1391 3893; x_wconf 82' lang='grc' dir='ltr'><strong>κτλ.</strong></span> 
     </span>
    </p>
   </div>
   <div class='ocr_carea' id='block_1_7' title="bbox 327 3939 1392 4138">
    <p class='ocr_par' dir='ltr' id='par_1_10' title="bbox 327 3939 1392 4138">
     <span class='ocr_line' id='line_1_23' title="bbox 327 3939 1391 4029; baseline 0.002 -26"><span class='ocrx_word' id='word_1_184' title='bbox 327 3939 452 4022; x_wconf 89' lang='lat' dir='ltr'><strong>Operae</strong></span> <span class='ocrx_word' id='word_1_185' title='bbox 475 3942 612 4022; x_wconf 88' lang='lat' dir='ltr'><strong>pretium</strong></span> <span class='ocrx_word' id='word_1_186' title='bbox 636 3950 685 4004; x_wconf 80' lang='lat' dir='ltr'><strong>est</strong></span> <span class='ocrx_word' id='word_1_187' title='bbox 707 3939 737 4005; x_wconf 84' lang='lat' dir='ltr'><strong>h.</strong></span> <span class='ocrx_word' id='word_1_188' title='bbox 752 3941 770 4004; x_wconf 95' lang='lat' dir='ltr'><strong>l.</strong></span> <span class='ocrx_word' id='word_1_189' title='bbox 797 3950 908 4003; x_wconf 86' lang='lat' dir='ltr'><strong>notare</strong></span> <span class='ocrx_word' id='word_1_190' title='bbox 931 3943 1042 4004; x_wconf 87' lang='lat' dir='ltr'><strong>miram</strong></span> <span class='ocrx_word' id='word_1_191' title='bbox 1068 3943 1153 4005; x_wconf 89' lang='lat' dir='ltr'><strong>verbi</strong></span> <span class='ocrx_word' id='word_1_192' title='bbox 1173 3939 1391 4029; x_wconf 67' lang='grc' dir='ltr'><em>παραιτεῖσθαι</em></span> 
     </span>
     <span class='ocr_line' id='line_1_24' title="bbox 327 4054 1392 4138; baseline 0.004 -23"><span class='ocrx_word' id='word_1_193' title='bbox 327 4054 610 4130; x_wconf 86' lang='lat' dir='ltr'><strong>constructionem;</strong></span> <span class='ocrx_word' id='word_1_194' title='bbox 640 4064 724 4117; x_wconf 90' lang='lat' dir='ltr'><strong>certe</strong></span> <span class='ocrx_word' id='word_1_195' title='bbox 748 4074 811 4116; x_wconf 90' lang='lat' dir='ltr'><strong>non</strong></span> <span class='ocrx_word' id='word_1_196' title='bbox 834 4056 982 4118; x_wconf 83' lang='lat' dir='ltr'><strong>convenit</strong></span> <span class='ocrx_word' id='word_1_197' title='bbox 1006 4076 1078 4117; x_wconf 87' lang='lat' dir='ltr'><strong>cum</strong></span> <span class='ocrx_word' id='word_1_198' title='bbox 1102 4077 1149 4132; x_wconf 85' lang='lat' dir='ltr'><strong>ea,</strong></span> <span class='ocrx_word' id='word_1_199' title='bbox 1172 4077 1270 4138; x_wconf 90' lang='lat' dir='ltr'><strong>quam</strong></span> <span class='ocrx_word' id='word_1_200' title='bbox 1293 4055 1392 4120; x_wconf 90' lang='lat' dir='ltr'><strong>habet</strong></span> 
     </span>
    </p>
   </div>
   <div class='ocr_carea' id='block_1_8' title="bbox 328 4168 1391 4253">
    <p class='ocr_par' dir='ltr' id='par_1_11' title="bbox 328 4168 1391 4253">
     <span class='ocr_line' id='line_1_25' title="bbox 328 4168 1391 4253; baseline 0.006 -25"><span class='ocrx_word' id='word_1_201' title='bbox 328 4168 438 4249; x_wconf 87' lang='lat' dir='ltr'><strong>Nigrin</strong></span> <span class='ocrx_word' id='word_1_202' title='bbox 490 4185 537 4246; x_wconf 87' lang='lat'><strong>14,</strong></span> <span class='ocrx_word' id='word_1_203' title='bbox 569 4189 627 4249; x_wconf 91' lang='lat' dir='ltr'><strong>pro</strong></span> <span class='ocrx_word' id='word_1_204' title='bbox 659 4170 768 4252; x_wconf 89' lang='lat' dir='ltr'><strong>Lapsu</strong></span> <span class='ocrx_word' id='word_1_205' title='bbox 791 4171 822 4231; x_wconf 87' lang='lat' dir='ltr'><strong>iu</strong></span> <span class='ocrx_word' id='word_1_206' title='bbox 846 4168 946 4232; x_wconf 87' lang='lat' dir='ltr'><strong>Salut.</strong></span> <span class='ocrx_word' id='word_1_207' title='bbox 974 4185 1002 4249; x_wconf 88' lang='lat'><strong>7,</strong></span> <span class='ocrx_word' id='word_1_208' title='bbox 1027 4171 1177 4234; x_wconf 88' lang='lat' dir='ltr'><strong>Abdicat.</strong></span> <span class='ocrx_word' id='word_1_209' title='bbox 1202 4190 1232 4252; x_wconf 88' lang='lat'><strong>9,</strong></span> <span class='ocrx_word' id='word_1_210' title='bbox 1261 4190 1309 4246; x_wconf 85' lang='lat'><strong>11,</strong></span> <span class='ocrx_word' id='word_1_211' title='bbox 1333 4192 1391 4253; x_wconf 90' lang='lat' dir='ltr'><strong>pro</strong></span> 
     </span>
    </p>
   </div>
   <div class='ocr_carea' id='block_1_9' title="bbox 0 0 1735 5332">
    <p class='ocr_par' dir='ltr' id='par_1_12' title="bbox 0 0 1735 5332">
     <span class='ocr_line' id='line_1_26' title="bbox 0 0 1735 5332; baseline 0 0"><span class='ocrx_word' id='word_1_212' title='bbox 0 0 1735 5332; x_wconf 95' lang='lat' dir='ltr'><strong> </strong></span> 
     </span>
    </p>
   </div>
  </div>
 </body>
</html>
