3456 5332
716 1657 920 1726 CAPUT
955 1659 1014 1726 ΙΙ.

373 2039 555 2122 Quonono
578 2042 751 2105 Histonm
774 2042 1054 2106 consentianum.

372 2153 406 2217 C.
437 2173 467 2232 4.
506 2155 568 2217 lllis
603 2158 809 2237 temporibus,
845 2159 962 2239 quibus
996 2160 1214 2240 unusquisque
1248 2159 1398 2221 historiae

328 2286 459 2347 operam
482 2269 590 2346 dabat,
610 2271 775 2332 ‘Lucianus
799 2283 832 2333 et
854 2274 921 2354 ipse
941 2284 1047 2354 partes
1071 2294 1145 2336 suas
1168 2294 1264 2355 agere
1287 2273 1396 2349 voluit,

328 2383 376 2460 ὡς,
411 2385 521 2465 inquit,
556 2387 599 2464 μὴ
635 2389 723 2464 μόνας
755 2385 875 2465 σ’ὶΦωισς
906 2388 964 2463 εἴην
996 2387 1026 2450 ἐν
1057 2389 1131 2451 οὕτω
1162 2386 1325 2467 πολυφώνῳ
1356 2392 1398 2466 τῷ

327 2497 418 2584 καιρῷ
452 2501 523 2579 μηδ’
556 2504 650 2586 ὥσπερ
672 2501 800 2582 κωμικὸν
821 2503 1015 2588 δορυφόρημα
1035 2506 1170 2585 κεχηνὼς
1188 2509 1279 2584 σιωπῇ
1299 2527 1397 2588 σαρα-

329 2609 485 2698 Φερσίμιμ.
519 2615 581 2678 Hic
611 2616 770 2680 dubitatio
795 2637 847 2678 me
870 2617 956 2680 subit
980 2639 1056 2680 num
1081 2622 1178 2704 καιρός
1201 2630 1286 2681 recte
1308 2621 1397 2680 ιισλύ-

328 2727 425 2808 Φωισς
459 2732 560 2812 possit
589 2731 757 2813 appellari;
790 2731 865 2794 nihil
896 2753 973 2795 sane
1002 2735 1109 2816 aptius
1139 2754 1211 2796 cum
1242 2734 1397 2796 adiectivo

328 2845 379 2907 illo
402 2847 550 2928 coniungi
574 2858 681 2928 potest
704 2869 802 2929 quam
827 2846 907 2933 χορῷ
928 2849 1016 2930 quod
1035 2860 1070 2912 ut
1081 2869 1274 2931 reponamus
1285 2849 1398 2910 suadet

328 2971 360 3023 et
384 2963 501 3043 imago,
526 2983 544 3024 e
564 2963 729 3025 comoedia
753 2963 933 3045 desumpta,
953 2985 1018 3045 qua
1037 2965 1068 3025 in
1081 2964 1288 3045 sequentibus
1300 2964 1398 3025 utitur

328 3087 360 3139 et
383 3077 481 3138 verba
504 3077 741 3158 praecedentia:
766 3079 804 3147 ὡς
828 3078 871 3156 μὴ
895 3080 983 3157 μόισς
1006 3074 1112 3162 σἰρρεῖι
1131 3072 1394 3153 dominaturam&-

329 3213 388 3260 σοις
424 3187 654 3274 ἐργαζσμεσσις;
689 3201 823 3272 apparet
850 3191 934 3251 enim
957 3191 1150 3253 vocabulum
1174 3190 1287 3271 requiri
1310 3190 1396 3270 quod

330 3303 564 3366 multitudinem
591 3301 752 3388 (chorum)
764 3324 972 3384 personarum
986 3301 1240 3386 (historicorum)
1254 3303 1395 3366 denotat.

375 3416 410 3480 C.
448 3435 496 3497 13.
528 3421 653 3480 σσισῦσσι
687 3424 744 3479 τῶν
771 3415 1016 3502 συγγραφόντων
1040 3419 1066 3479 αἱ
1088 3420 1192 3479 πολλοί
1213 3417 1266 3477 εἰσι
1288 3416 1322 3478 ro*
1345 3418 1397 3492 σή-

329 3555 417 3615 μεραι
447 3535 498 3593 καὶ
529 3532 563 3593 τὸ
596 3532 666 3593 ἴδιαι
697 3533 749 3592 καὶ
779 3530 813 3593 σὲ
836 3532 986 3616 χρειῶδες,
1010 3533 1055 3592 ὅτι
1078 3528 1116 3592 ab
1140 3529 1171 3592 ἐκ
1194 3533 1247 3605 τῆς
1270 3531 1398 3613 ἱστορίας

232 3717 234 3721 ,
330 3645 474 3718 ἐλπίσωσι,
500 3641 727 3731 θεραπεύοντες,
748 3645 796 3715 οὓς
817 3641 975 3726 μισεῖσθαι
997 3651 1097 3714 καλῶς
1116 3645 1199 3724 εἶχεν
1210 3653 1279 3705 κτλ.
1291 3643 1397 3705 Locus

328 3781 347 3820 a
371 3759 477 3821 multis
497 3769 649 3822 tentatus
673 3758 855 3838 Madvigius
878 3762 974 3820 ιιαίσσι
987 3758 1050 3819 δέοι
1063 3756 1136 3843 (pro
1149 3761 1202 3818 ιιαί
1212 3756 1246 3818 τὸ
1258 3755 1341 3842 ἴδιοι)
1357 3794 1395 3803 -

330 3868 559 3957 θεραπεύεσθαι
589 3873 646 3953 (ita
677 3871 745 3932 libri
774 3882 899 3952 praeter
932 3871 1003 3933 edd.
1039 3882 1071 3933 et
1105 3872 1203 3933 Marc.
1238 3870 1331 3955 434),
1366 3869 1398 3932 σύ

329 3982 487 4065 μισεῖσθαι
510 3993 609 4055 καλῶς
634 3983 699 4065 εἶχε
725 3988 814 4066 (cum
837 3985 958 4047 consuli
981 3986 1111 4047 deberet
1131 3985 1227 4047 etiam
1248 3983 1396 4064 utilitati).

330 4102 455 4182 Aperte
476 4099 631 4163 confiteor
654 4120 706 4161 me
728 4100 881 4180 Madvigii
904 4100 1060 4161 rationem
1084 4097 1169 4159 nullo
1194 4098 1291 4159 modo
1313 4116 1398 4159 asse-

328 4217 382 4296 qui
413 4235 508 4296 posse
516 4238 525 4290 ;
556 4215 697 4295 inprimis
724 4234 788 4275 non
811 4214 961 4295 intelligo,
985 4234 1050 4295 quo
1074 4213 1171 4275 modo
1194 4213 1248 4294 qui
1271 4215 1398 4282 κόλακες

329 4329 463 4414 πρόδηλοι
492 4331 544 4390 καὶ
570 4328 697 4406 σ’ἑσεχιισι
720 4338 803 4404 sunt,
827 4348 882 4389 eos
906 4328 935 4389 in
960 4328 1034 4389 odio
1059 4348 1128 4389 esse
1151 4348 1215 4388 non
1239 4336 1396 4408 oporteat.

330 4439 548 4528 θεραπεύοντες
570 4442 762 4503 servaverim
786 4451 818 4504 et
838 4442 926 4504 facile
948 4442 1045 4504 credo
1068 4441 1154 4505 infin.
1168 4437 1398 4526 θεραπεύεσθαι

329 4579 385 4643 per
408 4577 545 4618 errorem
570 4577 587 4617 e
610 4555 760 4638 proximo
784 4551 942 4635 μισεῖσθαι
962 4577 1031 4617 esse
1055 4565 1176 4617 natum.
