3456 5332
832 726 889 793 105

830 977 886 1040 XI.

369 1167 471 1238 Anth.
497 1169 568 1231 Lat.
594 1169 657 1250 (ed.
680 1168 854 1251 Baehrens)
880 1183 952 1249 379,
981 1186 1017 1248 13
1041 1188 1129 1249 sqq:

412 1283 511 1344 Miror
541 1282 625 1344 enim
650 1282 776 1365 (fateor)
800 1285 919 1346 etiam
942 1284 998 1344 vix
1021 1283 1148 1345 credere
1171 1302 1312 1364 possum,

414 1396 510 1479 Quod
534 1417 629 1460 cocus
652 1398 710 1459 iste
734 1395 810 1459 mihi
832 1398 873 1460 sit
896 1397 1087 1478 respondere
1109 1405 1250 1478 paratus,

412 1511 463 1574 De
497 1512 587 1572 cuius
619 1510 765 1573 manibus
789 1531 916 1592 semper
934 1511 972 1574 fit
995 1511 1086 1592 panis
1108 1510 1149 1572 ad
1173 1531 1258 1585 usuS,

413 1625 533 1708 Quisve
557 1626 597 1687 sit
621 1624 733 1702 utilior,
756 1623 853 1686 audet
875 1625 1066 1689 contendere
1090 1643 1225 1686 mecum.

368 1739 490 1801 Verum
513 1739 664 1802 arbitror:
686 1748 787 1802 aveat.

821 1954 892 2015 XII.

368 2129 437 2192 Liv.
462 2130 550 2208 XXI,
575 2142 632 2208 25:
656 2129 739 2193 Cum
763 2128 842 2191 haec
864 2130 904 2191 de
926 2129 1039 2210 legatis
1063 2131 1208 2191 nuntiata
1231 2138 1338 2192 essent
1360 2139 1392 2191 et

324 2240 460 2304 Matina
490 2244 747 2325 praesidiumque
770 2244 800 2304 in
825 2242 964 2323 periculo
986 2251 1075 2317 esset,
1104 2264 1131 2304 e.
1144 2265 1175 2324 q.
1189 2264 1213 2304 s.

368 2356 496 2421 Scribo:
521 2355 690 2418 Mutinam
716 2393 755 2402 -
780 2376 855 2418 esse.

817 2561 903 2623 XIII.

368 2739 468 2803 Tacit.
505 2738 557 2816 III,
592 2757 627 2818 3:
643 2789 649 2802 .
665 2786 671 2799 .
686 2786 715 2800 ..
748 2749 784 2801 ut
805 2747 873 2818 par
904 2757 1032 2798 maeror
1054 2749 1086 2800 et
1110 2739 1218 2799 matris
1242 2737 1391 2818 exemplo

324 2853 548 2935 avia‘quoque
572 2864 604 2916 et
626 2863 760 2935 patruus
783 2853 908 2915 attineri
931 2852 1120 2914 viderentur.

369 2968 559 3050 Legendum
580 2987 712 3030 censeo:
733 2966 814 3047 pari
834 2986 987 3029 maerore.

809 3198 898 3259 XIV.

370 3376 479 3436 Amm.
515 3375 613 3436 Marc.
645 3376 733 3450 XIV,
775 3392 801 3443 1,
842 3392 983 3438 loz....
1022 3395 1085 3436 non
1120 3374 1311 3435 maturitate
1342 3375 1393 3437 vel

325 3491 460 3552 consiliis
495 3490 673 3570 mitigabat,
711 3498 746 3552 ut
776 3489 965 3570 aliquotiens
995 3488 1097 3550 celsae
1129 3498 1305 3570 potestates
1333 3490 1392 3551 iras

325 3604 503 3686 principum
528 3603 739 3678 molliverunt,
765 3623 791 3664 e.
806 3624 836 3683 q.
850 3624 874 3664 S.

370 3718 563 3779 Ammianus
583 3718 724 3798 scripsit:
749 3715 949 3778 auctoritate.

822 3944 895 4007 XV.

370 4122 447 4184 Ibid.
472 4122 545 4198 XV,
569 4139 599 4201 9.
623 4123 658 4182 8:
681 4119 823 4201 euhages
842 4141 918 4181 vero
935 4130 1113 4183 scrutantes
1124 4121 1240 4182 seriem
1253 4131 1284 4184 et
1297 4121 1393 4183 subii-

327 4238 389 4298 mia
412 4246 544 4298 naturae
563 4237 702 4316 pandere
725 4235 934 4297 conabantur.

370 4350 429 4411 Pro
452 4349 578 4429 seriem,
603 4370 686 4431 quae
706 4347 823 4410 Valesii
842 4359 890 4410 est
909 4349 1046 4428 suspicio
1063 4367 1120 4423 pro
1132 4347 1224 4409 codd.
1238 4348 1390 4423 servzaai,

327 4463 451 4525 malim:
476 4470 604 4524 secreta.
