3456 5332
1001 540 1043 603 86

485 732 609 795 Patriae
642 731 722 795 Enc.
763 748 812 811 10,
850 748 899 813 11,
934 729 974 791 de
1006 730 1103 790 Merc.
1139 727 1240 791 Cond.
1281 743 1318 788 12
1353 736 1385 789 et
1420 726 1585 808 saepius..

486 846 622 911 Credere
644 857 753 908 autem
778 846 833 906 vix
856 864 998 927 possum,
1021 844 1199 905 Lucianum
1223 843 1251 904 si
1268 842 1573 904 cumconiunctivo

486 980 579 1022 usum
610 980 689 1037 esse,
722 979 797 1021 nam
829 969 863 1021 ut
893 978 968 1020 vere
991 958 1072 1021 dixit
1097 955 1309 1019 Schwartzius
1331 956 1372 1018 ad
1396 955 1492 1020 Asin.
1520 973 1571 1035 4:

485 1075 538 1152 „in
574 1076 608 1157 εἰ,
642 1094 715 1137 cum
749 1073 951 1135 coniunctivo
986 1070 1106 1149 iunct0,
1139 1071 1289 1153 plectitur
1313 1068 1569 1152 grammatiea.”

485 1186 591 1249 Hodie
627 1187 730 1248 nullus
764 1186 852 1247 locus
886 1205 928 1246 ex
963 1184 1107 1246 Luciano
1139 1185 1227 1247 citari
1259 1191 1376 1265 potest,
1410 1179 1467 1245 ubi
1491 1182 1569 1245 sine

485 1303 701 1365 controversia
747 1301 944 1363 coniuctivus
975 1308 1050 1381 post
1080 1300 1108 1360 εἰ
1135 1298 1275 1389 legitun
1295 1296 1341 1361 Cf.
1375 1296 1566 1359 criticorum

484 1415 724 1478 observationes
755 1415 796 1476 ad
826 1413 941 1495 Catapl
982 1429 1012 1492 7,
1044 1412 1084 1474 D.
1109 1413 1206 1475 Mort.
1231 1411 1275 1473 ΙΙΙ
1301 1428 1331 1491 2,
1356 1410 1478 1493 Nigrin.
1510 1428 1563 1493 13,

485 1528 613 1591 Anach.
642 1531 690 1604 18,
715 1529 840 1590 Timon.
870 1545 917 1607 19,
942 1526 983 1610 Q
1008 1527 1091 1589 Hist.
1116 1526 1246 1591 Conscr.
1272 1544 1323 1606 39.

529 1644 620 1724 Apte
651 1641 723 1705 huic
750 1642 929 1724 quaestioni
960 1642 1054 1703 aliam
1085 1641 1254 1703 adnectere
1277 1649 1408 1722 potero:
1432 1639 1474 1701 de
1497 1660 1562 1703 usu

484 1756 620 1838 optativi
654 1756 740 1838 apud
770 1755 947 1818 Lucianum
980 1766 1053 1837 post
1084 1761 1127 1831 ἣν,
1157 1757 1279 1832 ὁπόταν,
1306 1754 1434 1827 ἐπειδάν,
1458 1774 1562 1836 quem

483 1870 624 1933 defendit
647 1869 757 1933 Sbtius
781 1871 821 1932 ad
846 1871 886 1932 de
909 1870 992 1933 Hist.
1018 1869 1147 1934 Conscr.
1174 1884 1189 1949 5
1215 1870 1292 1949 „der
1315 1869 1451 1951 Optativ
1474 1868 1562 1932 nach

484 1984 546 2057 ἐάν,
582 1983 669 2049 steht
698 1985 749 2046 bei
782 1995 928 2066 spttteren
953 1984 1138 2046 Prosa'ikem
1164 1982 1250 2047 nicht
1273 1984 1373 2047 selten
1397 1993 1479 2047 statt
1501 1984 1562 2046 des

483 2100 514 2160 in
538 2099 593 2160 der
617 2097 810 2161 klassischen
838 2100 898 2161 zeit
920 2097 1160 2179 gewohnlichen
1186 2098 1393 2160 coniunctius,
1416 2097 1491 2179 Vgl.
1518 2098 1562 2160 de

483 2210 595 2276 Saltat.
641 2210 715 2293 79.''
757 2212 808 2273 De
843 2213 910 2274 aliis
945 2233 1007 2273 non
1044 2233 1138 2295 neg0,
1173 2212 1214 2274 de
1248 2213 1391 2276 Luciano
1426 2212 1560 2274 minime

483 2329 616 2391 affirmo,
650 2327 705 2389 Ex
735 2327 885 2388 omnibus
916 2326 1001 2403 lociS,
1026 2327 1080 2388 ubi
1102 2327 1279 2407 Jacobitius
1301 2300 1376 2409 post
1399 2325 1457 2389 has
1481 2346 1560 2389 con-

483 2441 659 2503 iunctiones
683 2441 865 2523 optativum
888 2440 1029 2518 exhibet,
1056 2439 1159 2502 nullus
1182 2441 1320 2503 intactus
1340 2440 1441 2503 evasit
1461 2461 1480 2503 e
1499 2441 1560 2503 cri-

384 2621 388 2631 ,
483 2556 618 2617 ticorum
643 2555 799 2616 manibus.
824 2555 950 2617 Timon.
978 2572 1028 2634 39,
1050 2554 1197 2617 Hermot.
1222 2569 1260 2635 53
1282 2553 1559 2641 (ubiFritzschius

483 2668 592 2730 Belino
616 2669 787 2731 assentitur
810 2670 837 2730 εἰ
857 2670 901 2748 μὴ
925 2667 997 2748 ,lipia
1022 2688 1092 2729 esse
1114 2665 1309 2753 legendum),
1323 2670 1482 2750 Necyom.
1507 2688 1556 2747 12,

483 2782 522 2864 Ω.
560 2781 642 2845 Hist.
679 2780 808 2845 Conscr.
847 2795 874 2860 5,
910 2782 1024 2843 Amor.
1067 2780 1114 2854 16,
1144 2782 1184 2843 de
1214 2782 1326 2846 Saltat.
1352 2800 1395 2864 79
1417 2784 1495 2847 ὥστε
1518 2784 1558 2847 α’ὶν

483 2901 552 2980 ἐρῶν
576 2919 620 2965 τις
638 2933 676 2941 -
692 2890 849 2980 raptabat,
875 2892 1089 2979 ἐσωφρονίσθη,
1115 2897 1169 2958 ubi
1192 2917 1256 2958 non
1280 2896 1483 2959 scribendum
1508 2910 1558 2961 est

481 3031 556 3073 cum
590 3009 773 3072 Dindorfio:
806 3010 839 3083 ἣν
870 3047 908 3055 -
935 3007 1086 3094 παρέλθῃ,
1119 3011 1174 3072 sed
1205 3010 1294 3073 salvo
1318 3012 1475 3092 optative,
1500 3014 1557 3093 qui

482 3123 533 3187 hic
556 3124 619 3186 fere
643 3125 837 3186 necessarius
860 3135 925 3186 est:
950 3128 1026 3186 ὥστε
1051 3124 1107 3186 κᾶν
1131 3121 1326 3209 (adipeam
1340 3121 1556 3211 -παρέλθοι,

526 3238 646 3300 Referri
680 3238 743 3300 huc
778 3259 908 3320 quoque
943 3249 1095 3319 poterunt
1128 3239 1198 3311 loci,
1233 3238 1343 3320 quales
1377 3251 1452 3301 sunt
1482 3240 1555 3320 Jov.

481 3354 571 3434 'frag
610 3370 645 3414 12
672 3348 737 3414 ἔνθ’
762 3352 799 3413 iia
820 3347 931 3426 {Seleu
952 3372 978 3414 c.
1005 3367 1023 3431 7
1047 3354 1085 3422 ὡς
1109 3352 1146 3413 ab
1169 3389 1202 3398 -
1227 3356 1294 3432 ἔχει
1318 3353 1372 3414 ubi
1395 3351 1556 3419 Schwart-

482 3467 549 3527 zius
574 3461 666 3543 ἐθέλῃ
691 3476 723 3527 et
747 3470 806 3544 ἔχῃ
830 3466 968 3546 requirit.

526 3579 561 3644 C.
587 3580 617 3641 6.
644 3579 701 3649 ra,-
724 3578 891 3660 ἐκβάσεις
915 3578 1115 3664 :pedaneum
1140 3586 1198 3641 τῶν
1223 3603 1256 3641 τε
1279 3576 1376 3665 ὀρθῶς
1396 3586 1449 3644 καὶ
1467 3582 1554 3646 xxa-ol

480 3695 578 3779 expia
612 3698 827 3777 τρκτκμέγων
856 3698 907 3755 axi
939 3699 996 3755 τῶν
1028 3697 1317 3778 παρκλελειμμένων
1349 3695 1406 3766 τὰς
1428 3694 1554 3777 ζημίας.

482 3811 647 3872 Postrema
678 3810 743 3870 duo
774 3808 931 3870 vocabula
962 3808 1121 3870 emblema
1151 3830 1220 3870 esse
1253 3811 1412 3892 suspicor;
1449 3831 1556 3893 neque

485 3924 542 3993 rii,-
565 3920 732 4002 ἐκβάσει,-
755 3933 786 3984 et
811 3920 868 3992 rai,-
892 3920 1007 4002 ζημίκς
1029 3933 1114 3984 reete
1137 3923 1196 3984 sibi
1219 3936 1426 4005 opponuntur
1450 3944 1555 4007 neque

480 4037 597 4118 positio
628 4036 801 4116 particulae
825 4058 859 4095 τε
882 4037 913 4096 in
933 4042 990 4097 τῶν
1012 4059 1045 4097 rc·
1058 4038 1335 4119 rpxrrspsauuaxi
1348 4036 1405 4099 τῶν
1418 4048 1554 4121 παραλε-

480 4152 649 4229 λειμμένων
672 4151 849 4231 quidquam
873 4151 947 4211 addi
970 4151 1054 4213 sinit.
1075 4150 1236 4212 Facillime
1255 4152 1329 4212 addi
1347 4162 1555 4233 potuerunta

481 4266 636 4344 magistro
659 4264 841 4345 explicante
864 4265 987 4324 exitum
1011 4285 1131 4339 eorum,
1156 4285 1239 4345 quae
1263 4276 1348 4327 recte
1367 4276 1399 4327 et
1417 4268 1554 4347 temperi
